@InProceedings{abdi2017quality,
	title={Quality Assessment of Echocardiographic Cine Using
		Recurrent Neural Networks: Feasibility on Five Standard
			View Planes},
	author={Abdi, Amir H and Luong, Christina and Tsang, Teresa and
		Jue, John and Gin, Ken and Yeung, Darwin and Hawley, Dale
			and Rohling, Robert and Abolmaesumi, Purang},
	booktitle={International Conference on Medical Image Computing and
		Computer-Assisted Intervention},
	pages={302--310},
	year={2017},
	organization={Springer},
	notes="https://link.springer.com/chapter/10.1007/978-3-319-66179-7_35"
}

@Article{abdolmanafi2017deep,
	title={Deep feature learning for automatic tissue classification
		of coronary artery using optical coherence tomography},
	author={Abdolmanafi, Atefeh and Duong, Luc and Dahdah, Nagib and
		Cheriet, Farida},
	journal={Biomedical optics express},
	volume={8},
	number={2},
	pages={1203--1220},
	year={2017},
	publisher={Optical Society of America},
	notes="https://www.ncbi.nlm.nih.gov/pubmed/28271012"
}

@Article{abramoff2010retinal,
	title={Retinal imaging and image analysis},
	author={Abr{\`a}moff, Michael D and Garvin, Mona K and Sonka,
		Milan},
	journal={IEEE reviews in biomedical engineering},
	volume={3},
	pages={169--208},
	year={2010},
	publisher={IEEE}
}

@InProceedings{abrishami2018p,
	title={P-QRS-T localization in ECG using deep learning},
	author={Abrishami, Hedayat and Campbell, Matthew and Han, Chia and
		Czosek, Richard and Zhou, Xuefu},
	booktitle={Biomedical \& Health Informatics (BHI), 2018 IEEE EMBS
		International Conference on},
	pages={210--213},
	year={2018},
	organization={IEEE},
	notes="https://ieeexplore.ieee.org/document/8333406/"
}

@Article{acharya2017application,
	title={Application of deep convolutional neural network for
		automated detection of myocardial infarction using ECG
			signals},
	author={Acharya, U Rajendra and Fujita, Hamido and Oh, Shu Lih and
		Hagiwara, Yuki and Tan, Jen Hong and Adam, Muhammad},
	journal={Information Sciences},
	volume={415},
	pages={190--198},
	year={2017},
	publisher={Elsevier}
}

@Article{acharya2017automateda,
	title={Automated detection of arrhythmias using different
		intervals of tachycardia ECG segments with convolutional
			neural network},
	author={Acharya, U Rajendra and Fujita, Hamido and Lih, Oh Shu and
		Hagiwara, Yuki and Tan, Jen Hong and Adam, Muhammad},
	journal={Information sciences},
	volume={405},
	pages={81--90},
	year={2017},
	publisher={Elsevier},
	notes="https://www.sciencedirect.com/science/article/pii/S0020025517306539"
}

@Article{acharya2017automatedb,
	title={Automated detection of coronary artery disease using
		different durations of ECG segments with convolutional
			neural network},
	author={Acharya, U Rajendra and Fujita, Hamido and Lih, Oh Shu and
		Adam, Muhammad and Tan, Jen Hong and Chua, Chua Kuang},
	journal={Knowledge-Based Systems},
	volume={132},
	pages={62--71},
	year={2017},
	publisher={Elsevier},
	notes="https://www.sciencedirect.com/science/article/pii/S0950705117302769"
}

@Article{acharya2018automated,
	title={Automated identification of shockable and non-shockable
		life-threatening ventricular arrhythmias using
			convolutional neural network},
	author={Acharya, U Rajendra and Fujita, Hamido and Oh, Shu Lih and
		Raghavendra, U and Tan, Jen Hong and Adam, Muhammad and
			Gertych, Arkadiusz and Hagiwara, Yuki},
	journal={Future Generation Computer Systems},
	volume={79},
	pages={952--959},
	year={2018},
	publisher={Elsevier}
}

@Article{acharya2018deep,
	title={Deep convolutional neural network for the automated
		diagnosis of congestive heart failure using ECG signals},
	author={Acharya, U Rajendra and Fujita, Hamido and Oh, Shu Lih and
		Hagiwara, Yuki and Tan, Jen Hong and Adam, Muhammad and
			Tan, Ru San},
	journal={Applied Intelligence},
	pages={1--12},
	year={2018},
	publisher={Springer},
	notes="https://link.springer.com/article/10.1007/s10489-018-1179-1"
}

@Article{al2016deep,
	title={Deep learning approach for active classification of
		electrocardiogram signals},
	author={Al Rahhal, Mohamad M and Bazi, Yakoub and AlHichri, Haikel
		and Alajlan, Naif and Melgani, Farid and Yager, Ronald R},
	journal={Information Sciences},
	volume={345},
	pages={340--354},
	year={2016},
	publisher={Elsevier},
	notes="https://www.sciencedirect.com/science/article/pii/S0020025516300184"
}

@Article{alipanahi2015predicting,
	title={Predicting the sequence specificities of DNA-and
		RNA-binding proteins by deep learning},
	author={Alipanahi, Babak and Delong, Andrew and Weirauch, Matthew
		T and Frey, Brendan J},
	journal={Nature biotechnology},
	volume={33},
	number={8},
	pages={831},
	year={2015},
	publisher={Nature Publishing Group},
	notes="https://www.nature.com/articles/nbt.3300.pdf"
}

@Article{andersen2018deep,
	title={A Deep Learning Approach for Real-Time Detection of Atrial
		Fibrillation},
	author={Andersen, Rasmus S and Peimankar, Abdolrahman and
		Puthusserypady, Sadasivan},
	journal={Expert Systems with Applications},
	year={2018},
	publisher={Elsevier},
	notes="https://www.sciencedirect.com/science/article/pii/S0957417418305190"
}

@Article{andreopoulos2008efficient,
	title={Efficient and generalizable statistical models of shape
		and appearance for analysis of cardiac MRI},
	author={Andreopoulos, Alexander and Tsotsos, John K},
	journal={Medical Image Analysis},
	volume={12},
	number={3},
	pages={335--357},
	year={2008},
	publisher={Elsevier},
	notes="https://www.ncbi.nlm.nih.gov/pubmed/18313974",
	url="http://www.cse.yorku.ca/~mridataset/"
}

@InProceedings{anh2014fully,
	title={Fully automated non-rigid segmentation with distance
		regularized level set evolution initialized and constrained
			by deep-structured inference},
	author={Anh Ngo, Tuan and Carneiro, Gustavo},
	booktitle={Proceedings of the IEEE conference on computer vision and
		pattern recognition},
	pages={3118--3125},
	year={2014},
	notes="https://ieeexplore.ieee.org/document/6909795/"
}

@Article{austin2016application,
	title={The application of Big Data in medicine: current
		implications and future directions},
	author={Austin, Christopher and Kusumoto, Fred},
	journal={Journal of Interventional Cardiac Electrophysiology},
	volume={47},
	number={1},
	pages={51--59},
	year={2016},
	publisher={Springer}
}

@Article{avendi2016combined,
	title={A combined deep-learning and deformable-model approach to
		fully automatic segmentation of the left ventricle in
			cardiac MRI},
	author={Avendi, MR and Kheradvar, Arash and Jafarkhani, Hamid},
	journal={Medical image analysis},
	volume={30},
	pages={108--119},
	year={2016},
	publisher={Elsevier},
	notes="https://www.sciencedirect.com/science/article/pii/S1361841516000128"
}

@Article{awan2018machine,
	title={Machine learning in heart failure: ready for prime time},
	author={Awan, Saqib Ejaz and Sohel, Ferdous and Sanfilippo, Frank
		Mario and Bennamoun, Mohammed and Dwivedi, Girish},
	journal={Current opinion in cardiology},
	volume={33},
	number={2},
	pages={190--195},
	year={2018},
	publisher={LWW}
}

@Book{badnjevic2017inspection,
	title={Inspection of Medical Devices: For Regulatory Purposes},
	author={Badnjevi{\'c}, Almir and Cifrek, Mario and Magjarevi{\'c},
		Ratko and D{\v{z}}emi{\'c}, Zijad},
	year={2017},
	publisher={Springer}
}

@InProceedings{bai2017semi,
	title={Semi-supervised learning for network-based cardiac MR
		image segmentation},
	author={Bai, Wenjia and Oktay, Ozan and Sinclair, Matthew and
		Suzuki, Hideaki and Rajchl, Martin and Tarroni, Giacomo and
			Glocker, Ben and King, Andrew and Matthews, Paul M and
			Rueckert, Daniel},
	booktitle={International Conference on Medical Image Computing and
		Computer-Assisted Intervention},
	pages={253--260},
	year={2017},
	organization={Springer},
	notes="https://link.springer.com/chapter/10.1007/978-3-319-66185-8_29"
}

@Article{ballinger2018deepheart,
	title={DeepHeart: Semi-Supervised Sequence Learning for
		Cardiovascular Risk Prediction},
	author={Ballinger, Brandon and Hsieh, Johnson and Singh, Avesh and
		Sohoni, Nimit and Wang, Jack and Tison, Geoffrey H and
			Marcus, Gregory M and Sanchez, Jose M and Maguire, Carol
			and Olgin, Jeffrey E and others},
	journal={arXiv preprint arXiv:1802.02511},
	year={2018},
	notes="https://arxiv.org/pdf/1802.02511"
}

@Article{beam2018big,
	title={Big data and machine learning in health care},
	author={Beam, Andrew L and Kohane, Isaac S},
	journal={Jama},
	volume={319},
	number={13},
	pages={1317--1318},
	year={2018},
	publisher={American Medical Association},
	notes="https://www.ncbi.nlm.nih.gov/pubmed/29532063"
}

@Article{benjamin2017heart,
	title={Heart disease and stroke statisticsâ€”2017 update: a
		report from the American Heart Association},
	author={Benjamin, Emelia J and Blaha, Michael J and Chiuve,
		Stephanie E and Cushman, Mary and Das, Sandeep R and Deo,
		Rajat and de Ferranti, Sarah D and Floyd, James and
			Fornage, Myriam and Gillespie, Cathleen and others},
	journal={Circulation},
	volume={135},
	number={10},
	pages={e146--e603},
	year={2017},
	publisher={Am Heart Assoc}
}

@Article{bernard2018deep,
	title={Deep Learning Techniques for Automatic MRI Cardiac
		Multi-structures Segmentation and Diagnosis: Is the Problem
			Solved?},
	author={Bernard, Olivier and Lalande, Alain and Zotti, Clement and
		Cervenansky, Frederick and Yang, Xin and Heng, Pheng-Ann
			and Cetin, Irem and Lekadir, Karim and Camara, Oscar and
			Ballester, Miguel Angel Gonzalez and others},
	journal={IEEE Transactions on Medical Imaging},
	year={2018},
	publisher={IEEE},
	notes="https://www.creatis.insa-lyon.fr/Challenge/acdc/"
}

@Article{betancur2018deep,
	title={Deep learning for prediction of obstructive disease from
		fast myocardial perfusion SPECT: a multicenter study},
	author={Betancur, Julian and Commandeur, Frederic and Motlagh,
		Mahsaw and Sharir, Tali and Einstein, Andrew J and Bokhari,
		Sabahat and Fish, Mathews B and Ruddy, Terrence D and
			Kaufmann, Philipp and Sinusas, Albert J and others},
	journal={JACC: Cardiovascular Imaging},
	year={2018},
	publisher={Elsevier},
	notes="https://www.ncbi.nlm.nih.gov/pubmed/29550305"
}

@inproceedings{biffi2018learning,
	title={Learning Interpretable Anatomical Features Through Deep
		Generative Models: Application to Cardiac Remodeling},
	author={Biffi, Carlo and Oktay, Ozan and Tarroni, Giacomo and Bai,
		Wenjia and De Marvao, Antonio and Doumou, Georgia and
			Rajchl, Martin and Bedair, Reem and Prasad, Sanjay and
			Cook, Stuart and others},
	booktitle={International Conference on Medical Image Computing and Computer-Assisted Intervention},
	pages={464--471},
	year={2018},
	organization={Springer}
}

@Article{blair2017advanced,
	title={Advanced neuroimaging of cerebral small vessel disease},
	author={Blair, Gordon W and Hernandez, Maria Valdez and
		Thrippleton, Michael J and Doubal, Fergus N and Wardlaw,
		Joanna M},
	journal={Current treatment options in cardiovascular medicine},
	volume={19},
	number={7},
	pages={56},
	year={2017},
	publisher={Springer}
}

@Article{bousseljot1995nutzung,
	title={Nutzung der EKG-Signaldatenbank CARDIODAT der PTB {\"u}ber
		das Internet},
	author={Bousseljot, R and Kreiseler, D and Schnabel, A},
	journal={Biomedizinische Technik/Biomedical Engineering},
	volume={40},
	number={s1},
	pages={317--318},
	year={1995},
	publisher={Walter de Gruyter, Berlin/New York}
}

@InProceedings{cano2018automated,
	title={Automated Agatston score computation in non-ECG gated CT
		scans using deep learning},
	author={Cano-Espinosa, Carlos and Gonz{\'a}lez, Germ{\'a}n and
		Washko, George R and Cazorla, Miguel and Est{\'e}par,
		Ra{\'u}l San Jos{\'e}},
	booktitle={Proceedings of SPIE--the International Society for Optical
		Engineering},
	volume={10574},
	year={2018},
	notes="https://www.ncbi.nlm.nih.gov/pmc/articles/PMC6095680/"
}

@Article{carneiro2012segmentation,
	title={The segmentation of the left ventricle of the heart from
		ultrasound data using deep learning architectures and
			derivative-based search methods},
	author={Carneiro, Gustavo and Nascimento, Jacinto C and Freitas,
		Ant{\'o}nio},
	journal={IEEE Transactions on Image Processing},
	volume={21},
	number={3},
	pages={968--982},
	year={2012},
	publisher={IEEE},
	notes="https://ieeexplore.ieee.org/document/6026237/"
}

@InCollection{carneiro2017review,
	title={Review of deep learning methods in mammography,
		cardiovascular, and microscopy image analysis},
	author={Carneiro, Gustavo and Zheng, Yefeng and Xing, Fuyong and
		Yang, Lin},
	booktitle={Deep Learning and Convolutional Neural Networks for
		Medical Image Computing},
	pages={11--32},
	year={2017},
	publisher={Springer}
}

@Article{charlton2016assessment,
	title={An assessment of algorithms to estimate respiratory rate
		from the electrocardiogram and photoplethysmogram},
	author={Charlton, Peter H and Bonnici, Timothy and Tarassenko,
		Lionel and Clifton, David A and Beale, Richard and
			Watkinson, Peter J},
	journal={Physiological measurement},
	volume={37},
	number={4},
	pages={610},
	year={2016},
	publisher={IOP Publishing},
	notes="https://www.ncbi.nlm.nih.gov/pubmed/27027672",
	url="https://peterhcharlton.github.io/RRest/vortal_dataset.html"
}
@InProceedings{chen2016iterative,
	title={Iterative multi-domain regularized deep learning for
		anatomical structure detection and segmentation from
			ultrasound images},
	author={Chen, Hao and Zheng, Yefeng and Park, Jin-Hyeong and Heng,
		Pheng-Ann and Zhou, S Kevin},
	booktitle={International Conference on Medical Image Computing and
		Computer-Assisted Intervention},
	pages={487--495},
	year={2016},
	organization={Springer},
	notes="https://arxiv.org/pdf/1607.01855"
}

@Article{chen2017labeling,
	title={A Labeling-Free Approach to Supervising Deep Neural
		Networks for Retinal Blood Vessel Segmentation},
	author={Chen, Yongliang},
	journal={arXiv preprint arXiv:1704.07502},
	year={2017},
	notes="https://arxiv.org/pdf/1704.07502"
}

@Article{chen2017s1,
	title={S1 and S2 heart sound recognition using deep neural
		networks},
	author={Chen, Tien-En and Yang, Shih-I and Ho, Li-Ting and Tsai,
		Kun-Hsi and Chen, Yu-Hsuan and Chang, Yun-Fan and Lai,
		Ying-Hui and Wang, Syu-Siang and Tsao, Yu and Wu,
		Chau-Chung},
	journal={IEEE Transactions on Biomedical Engineering},
	volume={64},
	number={2},
	pages={372--380},
	year={2017},
	publisher={IEEE},
	notes="https://ieeexplore.ieee.org/document/7460939/"
}

@Article{chen2018deeplab,
	title={Deeplab: Semantic image segmentation with deep
		convolutional nets, atrous convolution, and fully connected
			crfs},
	author={Chen, Liang-Chieh and Papandreou, George and Kokkinos,
		Iasonas and Murphy, Kevin and Yuille, Alan L},
	journal={IEEE transactions on pattern analysis and machine
		intelligence},
	volume={40},
	number={4},
	pages={834--848},
	year={2018},
	publisher={IEEE}
}

@Article{choi2016using,
	title={Using recurrent neural network models for early detection
		of heart failure onset},
	author={Choi, Edward and Schuetz, Andy and Stewart, Walter F and
		Sun, Jimeng},
	journal={Journal of the American Medical Informatics Association},
	volume={24},
	number={2},
	pages={361--370},
	year={2016},
	publisher={Oxford University Press},
	notes="https://ncbi.nlm.nih.gov/pmc/articles/PMC5391725/pdf/ocw112.pdf"
}

@Article{commandeur2018deep,
	title={Deep learning for quantification of epicardial and
		thoracic adipose tissue from non-contrast CT},
	author={Commandeur, Frederic and Goeller, Markus and Betancur,
		Julian and Cadet, Sebastien and Doris, Mhairi and Chen, Xi
			and Berman, Daniel S and Slomka, Piotr J and Tamarappoo,
		Balaji K and Dey, Damini},
	journal={IEEE Transactions on Medical Imaging},
	year={2018},
	publisher={IEEE},
	notes="https://ieeexplore.ieee.org/document/8288602/"
}

@InProceedings{curiale2017automatic,
	title={Automatic myocardial segmentation by using a deep learning
		network in cardiac MRI},
	author={Curiale, Ariel H and Colavecchia, Flavio D and Kaluza,
		Pablo and Isoardi, Roberto A and Mato, German},
	booktitle={Computer Conference (CLEI), 2017 XLIII Latin American},
	pages={1--6},
	year={2017},
	organization={IEEE},
	notes="https://arxiv.org/pdf/1708.07452"
}

@Article{damen2016prediction,
	title={Prediction models for cardiovascular disease risk in the
		general population: systematic review},
	author={Damen, Johanna AAG and Hooft, Lotty and Schuit, Ewoud and
		Debray, Thomas PA and Collins, Gary S and Tzoulaki, Ioanna
			and Lassale, Camille M and Siontis, George CM and
			Chiocchia, Virginia and Roberts, Corran and others},
	journal={bmj},
	volume={353},
	pages={i2416},
	year={2016},
	publisher={British Medical Journal Publishing Group}
}

@InProceedings{de20162d,
	title={2D image classification for 3D anatomy localization:
		employing deep convolutional neural networks},
	author={de Vos, Bob D and Wolterink, Jelmer M and de Jong, Pim A
		and Viergever, Max A and I{\v{s}}gum, Ivana},
	booktitle={Medical Imaging 2016: Image Processing},
	volume={9784},
	pages={97841Y},
	year={2016},
	organization={International Society for Optics and Photonics},
	notes="https://www.spiedigitallibrary.org/conference-proceedings-of-spie/9784/97841Y/2D-image-classification-for-3D-anatomy-localization--employing-deep/10.1117/12.2216971.short"
}

@Article{decenciere2014feedback,
	title={Feedback on a publicly distributed image database: the
		Messidor database},
	author={Decenci{\`e}re, Etienne and Zhang, Xiwei and Cazuguel, Guy
		and Lay, Bruno and Cochener, B{\'e}atrice and Trone,
		Caroline and Gain, Philippe and Ordonez, Richard and
			Massin, Pascale and Erginay, Ali and others},
	journal={Image Analysis \& Stereology},
	volume={33},
	number={3},
	pages={231--234},
	year={2014},
	url="http://latim.univ-brest.fr/indexfce0.html"
}

@Article{dice1945measures,
	title={Measures of the amount of ecologic association between
		species},
	author={Dice, Lee R},
	journal={Ecology},
	volume={26},
	number={3},
	pages={297--302},
	year={1945},
	publisher={Wiley Online Library}
}

@Article{dominguez2018deep,
	title={Deep Neural Networks for the Recognition and
		Classification of Heart Murmurs Using Neuromorphic Auditory
			Sensors},
	author={Dominguez-Morales, Juan P and Jimenez-Fernandez, Angel F
		and Dominguez-Morales, Manuel J and Jimenez-Moreno,
		Gabriel},
	journal={IEEE transactions on biomedical circuits and systems},
	volume={12},
	number={1},
	pages={24--34},
	year={2018},
	publisher={IEEE},
	notes="https://ieeexplore.ieee.org/document/8048493/"
}

@Misc{dsbcdc2016,
	title={Data Science Bowl Cardiac Challenge Data},
	year={2016},
	publisher={Springer},
	url="https://www.kaggle.com/c/second-annual-data-science-bowl"
}

@Article{du2018deep,
	title={Deep Regression Segmentation for Cardiac Bi-ventricle MR
		Images},
	author={Du, Xiuquan and Zhang, Weiwei and Zhang, Heye and Chen,
		Jun and Zhang, Yanping and Warrington, James Claude and
			Brahm, Gary and Li, Shuo},
	journal={IEEE Access},
	year={2018},
	publisher={IEEE},
	notes="https://ieeexplore.ieee.org/document/8245780/"
}

@InProceedings{emad2015automatic,
	title={Automatic localization of the left ventricle in cardiac
		MRI images using deep learning},
	author={Emad, Omar and Yassine, Inas A and Fahmy, Ahmed S},
	booktitle={Engineering in Medicine and Biology Society (EMBC), 2015
		37th Annual International Conference of the IEEE},
	pages={683--686},
	year={2015},
	organization={IEEE},
	notes="https://ieeexplore.ieee.org/document/7318454/"
}

@Book{everly2012clinical,
	title={A clinical guide to the treatment of the human stress
		response},
	author={Everly Jr, George S and Lating, Jeffrey M},
	year={2012},
	publisher={Springer Science \& Business Media}
}

@Article{faust2018deep,
	title={Deep learning for healthcare applications based on
		physiological signals: a review},
	author={Faust, Oliver and Hagiwara, Yuki and Hong, Tan Jen and
		Lih, Oh Shu and Acharya, U Rajendra},
	journal={Computer methods and programs in biomedicine},
	volume       ={161},
	pages        ={1--13},
	year={2018},
	publisher={Elsevier}
}

@InProceedings{faziludeen2013ecg,
	title={ECG beat classification using wavelets and SVM},
	author={Faziludeen, Shameer and Sabiq, PV},
	booktitle={Information \& Communication Technologies (ICT), 2013 IEEE
		Conference on},
	pages={815--818},
	year={2013},
	organization={IEEE},
	notes="https://ieeexplore.ieee.org/document/6558206/"
}

@Article{fonseca2011cardiac,
	title={The Cardiac Atlas Project - an imaging database for
		computational modeling and statistical atlases of the
			heart},
	author={Fonseca, Carissa G and Backhaus, Michael and Bluemke,
		David A and Britten, Randall D and Chung, Jae Do and Cowan,
		Brett R and Dinov, Ivo D and Finn, J Paul and Hunter, Peter
			J and Kadish, Alan H and others},
	journal={Bioinformatics},
	volume={27},
	number={16},
	pages={2288--2295},
	year={2011},
	publisher={Oxford University Press},
	url="http://www.cardiacatlas.org/challenges/lv-segmentation-challenge/"
}

@InProceedings{fu2016retinal,
	title={Retinal vessel segmentation via deep learning network and
		fully-connected conditional random fields},
	author={Fu, Huazhu and Xu, Yanwu and Wong, Damon Wing Kee and Liu,
		Jiang},
	booktitle={Biomedical Imaging (ISBI), 2016 IEEE 13th International
		Symposium on},
	pages={698--701},
	year={2016},
	organization={IEEE},
	notes="https://ieeexplore.ieee.org/document/7493362/"
}

@Article{gao2017fused,
	title={A fused deep learning architecture for viewpoint
		classification of echocardiography},
	author={Gao, Xiaohong and Li, Wei and Loomes, Martin and Wang,
		Lianyi},
	journal={Information Fusion},
	volume={36},
	pages={103--113},
	year={2017},
	publisher={Elsevier},
	notes="https://www.sciencedirect.com/science/article/pii/S1566253516301385"
}

@Article{ghesu2016marginal,
	title={Marginal space deep learning: efficient architecture for
		volumetric image parsing},
	author={Ghesu, Florin C and Krubasik, Edward and Georgescu, Bogdan
		and Singh, Vivek and Zheng, Yefeng and Hornegger, Joachim
			and Comaniciu, Dorin},
	journal={IEEE transactions on medical imaging},
	volume={35},
	number={5},
	pages={1217--1228},
	year={2016},
	publisher={IEEE},
	notes="https://ieeexplore.ieee.org/document/7426845/"
}

@InCollection{giancardo2017representation,
	title={Representation Learning for Retinal Vasculature
		Embeddings},
	author={Giancardo, Luca and Roberts, Kirk and Zhao, Zhongming},
	booktitle={Fetal, Infant and Ophthalmic Medical Image Analysis},
	pages={243--250},
	year={2017},
	publisher={Springer},
	notes="https://link.springer.com/chapter/10.1007/978-3-319-67561-9_28"
}

@InProceedings{giannakidis2016fast,
	title={Fast fully automatic segmentation of the severely abnormal
		human right ventricle from cardiovascular magnetic
			resonance images using a multi-scale 3D convolutional
			neural network},
	author={Giannakidis, Archontis and Kamnitsas, Konstantinos and
		Spadotto, Veronica and Keegan, Jennifer and Smith, Gillian
			and Glocker, Ben and Rueckert, Daniel and Ernst, Sabine and
			Gatzoulis, Michael A and Pennell, Dudley J and others},
	booktitle={Signal-Image Technology \& Internet-Based Systems (SITIS),
		2016 12th International Conference on},
	pages={42--46},
	year={2016},
	organization={IEEE},
	notes="https://ieeexplore.ieee.org/document/7907443/"
}

@InProceedings{girard2017artery,
	title={Artery/vein classification in fundus images using CNN and
		likelihood score propagation},
	author={Girard, Fantin and Cheriet, Farida},
	booktitle={Signal and Information Processing (GlobalSIP), 2017 IEEE
		Global Conference on},
	pages={720--724},
	year={2017},
	organization={IEEE},
	notes="https://ieeexplore.ieee.org/document/8309054/"
}

@InProceedings{girshick2015fast,
	title={Fast r-cnn},
	author={Girshick, Ross},
	booktitle={Proceedings of the IEEE international conference on
		computer vision},
	pages={1440--1448},
	year={2015}
}

@InProceedings{glorot2011deep,
	title={Deep sparse rectifier neural networks},
	author={Glorot, Xavier and Bordes, Antoine and Bengio, Yoshua},
	booktitle={Proceedings of the fourteenth international conference on
		artificial intelligence and statistics},
	pages={315--323},
	year={2011}
}

@Article{goldberger2000physiobank,
	title={Physiobank, physiotoolkit, and physionet},
	author={Goldberger, Ary L and Amaral, Luis AN and Glass, Leon and
		Hausdorff, Jeffrey M and Ivanov, Plamen Ch and Mark, Roger
			G and Mietus, Joseph E and Moody, George B and Peng,
		Chung-Kang and Stanley, H Eugene},
	journal={Circulation},
	volume={101},
	number={23},
	pages={e215--e220},
	year={2000},
	publisher={Am Heart Assoc},
	url="https://www.physionet.org/pn3/incartdb/"
}

@Article{gomez2018new,
	title={New Trends in Quantitative Nuclear Cardiology Methods},
	author={Gomez, Javier and Doukky, Rami and Germano, Guido and
		Slomka, Piotr},
	journal={Current Cardiovascular Imaging Reports},
	volume={11},
	number={1},
	pages={1},
	year={2018},
	publisher={Springer}
}

@InProceedings{goodfellow2014generative,
	title={Generative adversarial nets},
	author={Goodfellow, Ian and Pouget-Abadie, Jean and Mirza, Mehdi
		and Xu, Bing and Warde-Farley, David and Ozair, Sherjil and
			Courville, Aaron and Bengio, Yoshua},
	booktitle={Advances in neural information processing systems},
	pages={2672--2680},
	year={2014}
}

@Book{goodfellow2016deep,
	title={Deep Learning},
	author={Goodfellow, Ian and Bengio, Yoshua and Courville, Aaron},
	volume={1},
	year={2016},
	publisher={MIT press Cambridge}
}

@InProceedings{gopalswamy2017deep,
	title={Deep recurrent neural networks for predicting
		intraoperative and postoperative outcomes and trends},
	author={Gopalswamy, Shruthi and Tighe, Patrick J and Rashidi,
		Parisa},
	booktitle={Biomedical \& Health Informatics (BHI), 2017 IEEE EMBS
		International Conference on},
	pages={361--364},
	year={2017},
	organization={IEEE},
	notes="https://ieeexplore.ieee.org/document/7897280/"
}

@Article{gotlibovych2018end,
	title={End-to-end Deep Learning from Raw Sensor Data: Atrial
		Fibrillation Detection using Wearables},
	author={Gotlibovych, Igor and Crawford, Stuart and Goyal, Dileep
		and Liu, Jiaqi and Kerem, Yaniv and Benaron, David and
			Yilmaz, Defne and Marcus, Gregory and Li, Yihan},
	journal={arXiv preprint arXiv:1807.10707},
	year={2018},
	notes="https://arxiv.org/pdf/1807.10707"
}

@InProceedings{graves2013speech,
	title={Speech recognition with deep recurrent neural networks},
	author={Graves, Alex and Mohamed, Abdel-rahman and Hinton,
		Geoffrey},
	booktitle={Acoustics, speech and signal processing (icassp), 2013
		ieee international conference on},
	pages={6645--6649},
	year={2013},
	organization={IEEE},
	notes="https://arxiv.org/pdf/1303.5778"
}

@Article{greenspan2016guest,
	title={Guest editorial deep learning in medical imaging: Overview
		and future promise of an exciting new technique},
	author={Greenspan, Hayit and van Ginneken, Bram and Summers,
		Ronald M},
	journal={IEEE Transactions on Medical Imaging},
	volume={35},
	number={5},
	pages={1153--1159},
	year={2016},
	publisher={IEEE}
}

@InProceedings{gulsun2016coronary,
	title={Coronary centerline extraction via optimal flow paths and
		CNN path pruning},
	author={G{\"u}ls{\"u}n, Mehmet A and Funka-Lea, Gareth and Sharma,
		Puneet and Rapaka, Saikiran and Zheng, Yefeng},
	booktitle={International Conference on Medical Image Computing and
		Computer-Assisted Intervention},
	pages={317--325},
	year={2016},
	organization={Springer},
	notes="https://link.springer.com/chapter/10.1007/978-3-319-46726-9_37"
}

@Article{haloi2015improved,
	title={Improved microaneurysm detection using deep neural
		networks},
	author={Haloi, Mrinal},
	journal={arXiv preprint arXiv:1505.04424},
	year={2015},
	notes="https://arxiv.org/pdf/1505.04424"
}

@Article{henglin2017machine,
	title={Machine Learning Approaches in Cardiovascular Imaging},
	author={Henglin, Mir and Stein, Gillian and Hushcha, Pavel V and
		Snoek, Jasper and Wiltschko, Alexander B and Cheng, Susan},
	journal={Circulation: Cardiovascular Imaging},
	volume={10},
	number={10},
	pages={e005614},
	year={2017},
	publisher={Am Heart Assoc}
}

@Article{hinton2018deep,
	title={Deep learningâ€”a technology with the potential to
		transform health care},
	author={Hinton, Geoffrey},
	journal={JAMA},
	year={2018}
}

@Article{hochreiter1997long,
	title={Long short-term memory},
	author={Hochreiter, Sepp and Schmidhuber, J{\"u}rgen},
	journal={Neural computation},
	volume={9},
	number={8},
	pages={1735--1780},
	year={1997},
	publisher={MIT Press}
}

@InProceedings{hong2016automatic,
	title={Automatic detection, segmentation and classification of
		abdominal aortic aneurysm using deep learning},
	author={Hong, Ho Aik and Sheikh, UU},
	booktitle={Signal Processing \& Its Applications (CSPA), 2016 IEEE
		12th International Colloquium on},
	pages={242--246},
	year={2016},
	organization={IEEE},
	notes="https://ieeexplore.ieee.org/document/7515839/"
}

@Article{hornik1989multilayer,
	title={Multilayer feedforward networks are universal
		approximators},
	author={Hornik, Kurt and Stinchcombe, Maxwell and White, Halbert},
	journal={Neural networks},
	volume={2},
	number={5},
	pages={359--366},
	year={1989},
	publisher={Elsevier}
}

@InProceedings{hsiao2016deep,
	title={Deep Learning for Risk Analysis of Specific Cardiovascular
		Diseases Using Environmental Data and Outpatient Records},
	author={Hsiao, Han CW and Chen, Sean HF and Tsai, Jeffrey JP},
	booktitle={Bioinformatics and Bioengineering (BIBE), 2016 IEEE 16th
		International Conference on},
	pages={369--372},
	year={2016},
	organization={IEEE},
	notes="https://ieeexplore.ieee.org/document/7790013/"
}

@Article{huang2018regularized,
	title={A regularized deep learning approach for clinical risk
		prediction of acute coronary syndrome using electronic
			health records},
	author={Huang, Zhengxing and Dong, Wei and Duan, Huilong and Liu,
		Jiquan},
	journal={IEEE Transactions on Biomedical Engineering},
	volume={65},
	number={5},
	pages={956--968},
	year={2018},
	publisher={IEEE},
	notes="https://ieeexplore.ieee.org/document/7990180/"
}

@Article{hwang2018deep,
	title={Deep ECGNet: An Optimal Deep Learning Framework for
		Monitoring Mental Stress Using Ultra Short-Term ECG
			Signals},
	author={Hwang, Bosun and You, Jiwoo and Vaessen, Thomas and
		Myin-Germeys, Inez and Park, Cheolsoo and Zhang,
		Byoung-Tak},
	journal={TELEMEDICINE and e-HEALTH},
	year={2018},
	publisher={Mary Ann Liebert, Inc. 140 Huguenot Street, 3rd Floor New
		Rochelle, NY 10801 USA},
	notes="https://www.ncbi.nlm.nih.gov/pubmed/29420125"
}

@InProceedings{isensee2017automatic,
	title={Automatic cardiac disease assessment on cine-mri via
		time-series segmentation and domain specific features},
	author={Isensee, Fabian and Jaeger, Paul F and Full, Peter M and
		Wolf, Ivo and Engelhardt, Sandy and Maier-Hein, Klaus H},
	booktitle={International Workshop on Statistical Atlases and
		Computational Models of the Heart},
	pages={120--129},
	year={2017},
	organization={Springer},
	notes="https://arxiv.org/pdf/1707.00587"
}

@Article{isin2017cardiac,
	title={Cardiac arrhythmia detection using deep learning},
	author={Isin, Ali and Ozdalili, Selen},
	journal={Procedia Computer Science},
	volume={120},
	pages={268--275},
	year={2017},
	publisher={Elsevier},
	notes="https://www.sciencedirect.com/science/article/pii/S187705091732450X"
}

@Article{iyengar1996age,
	title={Age-related alterations in the fractal scaling of cardiac
		interbeat interval dynamics},
	author={Iyengar, Nikhil and Peng, CK and Morin, Raymond and
		Goldberger, Ary L and Lipsitz, Lewis A},
	journal={American Journal of Physiology-Regulatory, Integrative and
		Comparative Physiology},
	volume={271},
	number={4},
	pages={R1078--R1084},
	year={1996},
	publisher={American Physiological Society Bethesda, MD},
	notes="https://www.ncbi.nlm.nih.gov/pubmed/8898003",
	url="https://www.physionet.org/physiobank/database/fantasia/"
}

@Article{jager2003long,
	title={Long-term ST database: a reference for the development and
		evaluation of automated ischaemia detectors and for the
			study of the dynamics of myocardial ischaemia},
	author={Jager, Franc and Taddei, Alessandro and Moody, George B
		and Emdin, Michele and Antoli{\v{c}}, G and Dorn, Roman and
			Smrdel, Ales and Marchesi, Carlo and Mark, Roger G},
	journal={Medical and Biological Engineering and Computing},
	volume={41},
	number={2},
	pages={172--182},
	year={2003},
	publisher={Springer},
	url="https://www.physionet.org/physiobank/database/ltstdb/"
}

@Article{jiang2017artificial,
	title={Artificial intelligence in healthcare: past, present and
		future},
	author={Jiang, Fei and Jiang, Yong and Zhi, Hui and Dong, Yi and
		Li, Hao and Ma, Sufeng and Wang, Yilong and Dong, Qiang and
			Shen, Haipeng and Wang, Yongjun},
	journal={Stroke and Vascular Neurology},
	pages={svn--2017},
	year={2017},
	publisher={BMJ Specialist Journals},
	notes="https://www.ncbi.nlm.nih.gov/pubmed/29507784"
}

@InProceedings{jiang2017heartbeat,
	title={Heartbeat classification system based on modified stacked
		denoising autoencoders and neural networks},
	author={Jiang, Chaoyan and Song, Shuang and Meng, Max Q-H},
	booktitle={Information and Automation (ICIA), 2017 IEEE International
		Conference on},
	pages={511--516},
	year={2017},
	organization={IEEE},
	notes="https://ieeexplore.ieee.org/document/8078961/"
}

@Article{jimenez2017binaural,
	title={A Binaural Neuromorphic Auditory Sensor for FPGA: A Spike
		Signal Processing Approach.},
	author={Jim{\'e}nez-Fern{\'a}ndez, Angel and Cerezuela-Escudero,
		Elena and Mir{\'o}-Amarante, Lourdes and
			Dom{\'\i}nguez-Morales, Manuel Jesus and Gomez-Rodriguez,
		Francisco and Linares-Barranco, Alejandro and
			Jim{\'e}nez-Moreno, Gabriel},
	journal={IEEE Trans. Neural Netw. Learning Syst.},
	volume={28},
	number={4},
	pages={804--818},
	year={2017}
}

@Article{jin2017classification,
	title={Classification of normal and abnormal ECG records using
		lead convolutional neural network and rule inference},
	author={Jin, Linpeng and Dong, Jun},
	journal={Science China Information Sciences},
	volume={60},
	number={7},
	pages={078103},
	year={2017},
	publisher={Springer},
	notes="https://link.springer.com/article/10.1007/s11432-016-9047-6"
}

@Article{johnson2016mimic,
	title={MIMIC-III, a freely accessible critical care database},
	author={Johnson, Alistair EW and Pollard, Tom J and Shen, Lu and
		Li-wei, H Lehman and Feng, Mengling and Ghassemi, Mohammad
			and Moody, Benjamin and Szolovits, Peter and Celi, Leo
			Anthony and Mark, Roger G},
	journal={Scientific data},
	volume={3},
	pages={160035},
	year={2016},
	publisher={Nature Publishing Group},
	notes="https://www.nature.com/articles/sdata201635",
	url="https://mimic.physionet.org"
}

@Article{johnson2018artificial,
	title={Artificial Intelligence in Cardiology},
	author={Johnson, Kipp W and Soto, Jessica Torres and Glicksberg,
		Benjamin S and Shameer, Khader and Miotto, Riccardo and
			Ali, Mohsin and Ashley, Euan and Dudley, Joel T},
	journal={Journal of the American College of Cardiology},
	volume={71},
	number={23},
	pages={2668--2679},
	year={2018},
	publisher={Journal of the American College of Cardiology},
	notes="https://www.ncbi.nlm.nih.gov/pubmed/29880128"
}

@Article{karlen2013multiparameter,
	title={Multiparameter respiratory rate estimation from the
		photoplethysmogram},
	author={Karlen, Walter and Raman, Srinivas and Ansermino, J Mark
		and Dumont, Guy A},
	journal={IEEE Transactions on Biomedical Engineering},
	volume={60},
	number={7},
	pages={1946--1953},
	year={2013},
	publisher={IEEE},
	notes="https://ieeexplore.ieee.org/document/6458992/",
	url="http://www.capnobase.org/database/pulse-oximeter-ieee-tbme-benchmark/"
}

@Article{kauppi2013constructing,
	title={Constructing benchmark databases and protocols for medical
		image analysis: Diabetic retinopathy},
	author={Kauppi, Tomi and K{\"a}m{\"a}r{\"a}inen, Joni-Kristian and
		Lensu, Lasse and Kalesnykiene, Valentina and Sorri, Iiris
			and Uusitalo, Hannu and K{\"a}lvi{\"a}inen, Heikki},
	journal={Computational and mathematical methods in medicine},
	volume={2013},
	year={2013},
	publisher={Hindawi},
	url="http://www.it.lut.fi/project/imageret/diaretdb1/"
}

@Article{kikuchi2018future,
	title={Future of Artificial Intelligence and Nuclear Cardiology},
	author={Kikuchi, Akihiro and Kawakami, Takashi},
	journal={Annals of Nuclear Cardiology},
	volume={4},
	number={1},
	pages={79--82},
	year={2018},
	publisher={Japanese Society of Nuclear Cardiology}
}

@Article{kim2017highrisk,
	title={Highrisk Prediction from Electronic Medical Records via
		Deep Attention Networks},
	author={Kim, You Jin and Lee, Yun-Geun and Kim, Jeong Whun and
		Park, Jin Joo and Ryu, Borim and Ha, Jung-Woo},
	journal={arXiv preprint arXiv:1712.00010},
	year={2017},
	notes="http://arxiv.org/pdf/1712.00010"
}

@Article{kim2017statistics,
	title={Statistics and Deep Belief Network-Based Cardiovascular
		Risk Prediction},
	author={Kim, Jaekwon and Kang, Ungu and Lee, Youngho},
	journal={Healthcare informatics research},
	volume={23},
	number={3},
	pages={169--175},
	year={2017},
	notes="https://ncbi.nlm.nih.gov/pmc/articles/PMC5572520/pdf/hir-23-169.pdf"
}

@Article{kiranyaz2016real,
	title={Real-time patient-specific ECG classification by 1-D
		convolutional neural networks},
	author={Kiranyaz, Serkan and Ince, Turker and Gabbouj, Moncef},
	journal={IEEE Transactions on Biomedical Engineering},
	volume={63},
	number={3},
	pages={664--675},
	year={2016},
	publisher={IEEE},
	notes="https://ieeexplore.ieee.org/document/7202837/"
}

@InProceedings{kong2016recognizing,
	title={Recognizing end-diastole and end-systole frames via deep
		temporal regression network},
	author={Kong, Bin and Zhan, Yiqiang and Shin, Min and Denny,
		Thomas and Zhang, Shaoting},
	booktitle={International conference on medical image computing and
		computer-assisted intervention},
	pages={264--272},
	year={2016},
	organization={Springer},
	notes="https://link.springer.com/chapter/10.1007/978-3-319-46726-9_31"
}

@InProceedings{konukoglu2018exploration,
	title={An Exploration of 2D and 3D Deep Learning Techniques for
		Cardiac MR Image Segmentation},
	author={Konukoglu, Ender},
	booktitle={Statistical Atlases and Computational Models of the Heart.
		ACDC and MMWHS Challenges: 8th International Workshop,
		STACOM 2017, Held in Conjunction with MICCAI 2017, Quebec
			City, Canada, September 10-14, 2017, Revised Selected
			Papers},
	volume={10663},
	pages={111},
	year={2018},
	organization={Springer}
}

@Article{krittanawong2017artificial,
	title={Artificial intelligence in precision cardiovascular
		medicine},
	author={Krittanawong, Chayakrit and Zhang, HongJu and Wang, Zhen
		and Aydar, Mehmet and Kitai, Takeshi},
	journal={Journal of the American College of Cardiology},
	volume={69},
	number={21},
	pages={2657--2664},
	year={2017},
	publisher={Elsevier}
}

@Misc{krittanawong2017rise,
	title={The rise of artificial intelligence and the uncertain
		future for physicians},
	author={Krittanawong, C},
	year={2017},
	publisher={Elsevier}
}

@InProceedings{krizhevsky2012imagenet,
	title={Imagenet classification with deep convolutional neural
		networks},
	author={Krizhevsky, Alex and Sutskever, Ilya and Hinton, Geoffrey
		E},
	booktitle={Advances in neural information processing systems},
	pages={1097--1105},
	year={2012},
	notes="http://papers.nips.cc/paper/4824-imagenet-classification-with-deep-convolutional-neural-networks.pdf"
}

@Article{kubo2013oct,
	title={OCT compared with IVUS in a coronary lesion assessment:
		the OPUS-CLASS study},
	author={Kubo, Takashi and Akasaka, Takashi and Shite, Junya and
		Suzuki, Takahiko and Uemura, Shiro and Yu, Bo and Kozuma,
		Ken and Kitabata, Hironori and Shinke, Toshiro and Habara,
		Maoto and others},
	journal={JACC: Cardiovascular Imaging},
	volume={6},
	number={10},
	pages={1095--1104},
	year={2013},
	publisher={Elsevier}
}

@InProceedings{kucharski2017deep,
	title={A Deep Learning Approach for Valve Defect Recognition in
		Heart Acoustic Signal},
	author={Kucharski, Dariusz and Grochala, Dominik and Kajor, Marcin
		and Ka{\'n}toch, Eliasz},
	booktitle={International Conference on Information Systems
		Architecture and Technology},
	pages={3--14},
	year={2017},
	organization={Springer},
	notes="https://link.springer.com/chapter/10.1007/978-3-319-67220-5_1"
}

@InProceedings{laguna1997database,
	title={A database for evaluation of algorithms for measurement of
		QT and other waveform intervals in the ECG},
	author={Laguna, Pablo and Mark, Roger G and Goldberg, A and Moody,
		George B},
	booktitle={Computers in cardiology 1997},
	pages={673--676},
	year={1997},
	organization={IEEE},
	url="https://physionet.org/physiobank/database/qtdb/"
}

@InProceedings{lahiri2016deep,
	title={Deep neural ensemble for retinal vessel segmentation in
		fundus images towards achieving label-free angiography},
	author={Lahiri, Avisek and Roy, Abhijit Guha and Sheet, Debdoot
		and Biswas, Prabir Kumar},
	booktitle={Engineering in Medicine and Biology Society (EMBC), 2016
		IEEE 38th Annual International Conference of the},
	pages={1340--1343},
	year={2016},
	organization={IEEE},
	notes="https://arxiv.org/pdf/1609.05871"
}

@InProceedings{le2014distributed,
	title={Distributed representations of sentences and documents},
	author={Le, Quoc and Mikolov, Tomas},
	booktitle={International Conference on Machine Learning},
	pages={1188--1196},
	year={2014}
}

@InProceedings{lee2015deeply,
	title={Deeply-supervised nets},
	author={Lee, Chen-Yu and Xie, Saining and Gallagher, Patrick and
		Zhang, Zhengyou and Tu, Zhuowen},
	booktitle={Artificial Intelligence and Statistics},
	pages={562--570},
	year={2015}
}

@Article{lee2017deepa,
	title={Deep learning ensemble with asymptotic techniques for
		oscillometric blood pressure estimation},
	author={Lee, Soojeong and Chang, Joon-Hyuk},
	journal={Computer methods and programs in biomedicine},
	volume={151},
	pages={1--13},
	year={2017},
	publisher={Elsevier},
	notes="https://www.ncbi.nlm.nih.gov/pubmed/28946991"
}

@Article{lee2017deepb,
	title={Deep into the Brain: Artificial Intelligence in Stroke
		Imaging},
	author={Lee, Eun-Jae and Kim, Yong-Hwan and Kim, Namkug and Kang,
		Dong-Wha},
	journal={Journal of stroke},
	volume={19},
	number={3},
	pages={277},
	year={2017},
	publisher={Korean Stroke Society}
}

@Article{lee2017deepc,
	title={Deep Belief Networks Ensemble for Blood Pressure
		Estimation},
	author={Lee, Soojeong and Chang, Joon-Hyuk},
	journal={IEEE Access},
	volume={5},
	pages={9962--9972},
	year={2017},
	publisher={IEEE}
}

@Article{lee2017deepd,
	title={Deep Boltzmann Regression With Mimic Features for
		Oscillometric Blood Pressure Estimation},
	author={Lee, Soojeong and Chang, Joon Hyuk},
	journal={IEEE Sensors Journal},
	volume={17},
	number={18},
	pages={5982--5993},
	year={2017},
	publisher={IEEE}
}

@Article{lee2017oscillometric,
	title={Oscillometric blood pressure estimation based on deep
		learning},
	author={Lee, Soojeong and Chang, Joon Hyuk},
	journal={IEEE Transactions on Industrial Informatics},
	volume={13},
	number={2},
	pages={461--472},
	year={2017},
	publisher={IEEE},
	notes="https://ieeexplore.ieee.org/document/7576674/"
}

@Article{lekadir2017convolutional,
	title={A convolutional neural network for automatic
		characterization of plaque composition in carotid
			ultrasound},
	author={Lekadir, Karim and Galimzianova, Alfiia and Betriu,
		{\`A}ngels and del Mar Vila, Maria and Igual, Laura and
		Rubin, Daniel L and Fern{\'a}ndez, Elvira and Radeva, Petia
			and Napel, Sandy},
	journal={IEEE journal of biomedical and health informatics},
	volume={21},
	number={1},
	pages={48--55},
	year={2017},
	publisher={IEEE},
	notes="https://ieeexplore.ieee.org/document/7752798/"
}

@Article{leopold2017pixelbnn,
	title={PixelBNN: Augmenting the PixelCNN with batch normalization
		and the presentation of a fast architecture for retinal
			vessel segmentation},
	author={Leopold, Henry A and Orchard, Jeff and Zelek, John S and
		Lakshminarayanan, Vasudevan},
	journal={arXiv preprint arXiv:1712.06742},
	year={2017},
	notes="https://arxiv.org/pdf/1712.06742"
}

@InProceedings{leopold2017segmentation,
	title={Segmentation and feature extraction of retinal vascular
		morphology},
	author={Leopold, Henry and Orchard, Jeff and Zelek, John and
		Lakshminarayanan, Vasudevan},
	booktitle={Medical Imaging 2017: Image Processing},
	volume={10133},
	pages={101330V},
	year={2017},
	organization={International Society for Optics and Photonics}
}

@InProceedings{leopold2017use,
	title={Use of Gabor filters and deep networks in the segmentation
		of retinal vessel morphology},
	author={Leopold, Henry A and Orchard, Jeff and Zelek, John and
		Lakshminarayanan, Vasudevan},
	booktitle={Imaging, Manipulation, and Analysis of Biomolecules,
		Cells, and Tissues XV},
	volume={10068},
	pages={100680R},
	year={2017},
	organization={International Society for Optics and Photonics}
}

@InProceedings{lessmann2016deep,
	title={Deep convolutional neural networks for automatic coronary
		calcium scoring in a screening study with low-dose chest
			CT},
	author={Lessmann, Nikolas and I{\v{s}}gum, Ivana and Setio, Arnaud
		AA and de Vos, Bob D and Ciompi, Francesco and de Jong, Pim
			A and Oudkerk, Matthjis and Willem, P Th M and Viergever,
		Max A and van Ginneken, Bram},
	booktitle={Medical Imaging 2016: Computer-Aided Diagnosis},
	volume={9785},
	pages={978511},
	year={2016},
	organization={International Society for Optics and Photonics},
	notes="https://www.spiedigitallibrary.org/conference-proceedings-of-spie/9785/1/Deep-convolutional-neural-networks-for-automatic-coronary-calcium-scoring-in/10.1117/12.2216978.full"
}

@Article{lessmann2017automatic,
	title={Automatic calcium scoring in low-dose chest CT using deep
		neural networks with dilated convolutions},
	author={Lessmann, Nikolas and van Ginneken, Bram and Zreik, Majd
		and de Jong, Pim A and de Vos, Bob D and Viergever, Max A
			and I{\v{s}}gum, Ivana},
	journal={IEEE Transactions on Medical Imaging},
	year={2017},
	publisher={IEEE}
}

@InCollection{li2016automatic,
	title={Automatic Whole-Heart Segmentation in Congenital Heart
		Disease Using Deeply-Supervised 3D FCN},
	author={Li, Jinpeng and Zhang, Rongzhao and Shi, Lin and Wang,
		Defeng},
	booktitle={Reconstruction, Segmentation, and Analysis of Medical
		Images},
	pages={111--118},
	year={2016},
	publisher={Springer},
	notes="https://link.springer.com/chapter/10.1007/978-3-319-52280-7_11"
}

@Article{li2016cross,
	title={A cross-modality learning approach for vessel segmentation
		in retinal images},
	author={Li, Qiaoliang and Feng, Bowei and Xie, LinPei and Liang,
		Ping and Zhang, Huisheng and Wang, Tianfu},
	journal={IEEE transactions on medical imaging},
	volume={35},
	number={1},
	pages={109--118},
	year={2016},
	publisher={IEEE},
	notes="https://ieeexplore.ieee.org/document/7161344/"
}

@InProceedings{li2017classification,
	title={Classification of ECG signals based on 1D convolution
		neural network},
	author={Li, Dan and Zhang, Jianxin and Zhang, Qiang and Wei,
		Xiaopeng},
	booktitle={e-Health Networking, Applications and Services
		(Healthcom), 2017 IEEE 19th International Conference on},
	pages={1--6},
	year={2017},
	organization={IEEE},
	notes="https://ieeexplore.ieee.org/document/8210784/"
}

@Article{liao2017estimation,
	title={Estimation of the volume of the left ventricle from MRI
		images using deep neural networks},
	author={Liao, Fangzhou and Chen, Xi and Hu, Xiaolin and Song,
		Sen},
	journal={IEEE Transactions on Cybernetics},
	year={2017},
	publisher={IEEE},
	notes="https://ieeexplore.ieee.org/document/8232462/"
}

@Article{liebeskind2018artificial,
	title={Artificial intelligence in stroke care: Deep learning or
		superficial insight?},
	author={Liebeskind, David S},
	journal={EBioMedicine},
	year={2018},
	publisher={Elsevier}
}

@InProceedings{lieman2017fastventricle,
	title={FastVentricle: Cardiac Segmentation with ENet},
	author={Lieman-Sifry, Jesse and Le, Matthieu and Lau, Felix and
		Sall, Sean and Golden, Daniel},
	booktitle={International Conference on Functional Imaging and
		Modeling of the Heart},
	pages={127--138},
	year={2017},
	organization={Springer},
	notes="https://arxiv.org/pdf/1704.04296"
}

@Article{litjens2017survey,
	title={A survey on deep learning in medical image analysis},
	author={Litjens, Geert and Kooi, Thijs and Bejnordi, Babak
		Ehteshami and Setio, Arnaud Arindra Adiyoso and Ciompi,
		Francesco and Ghafoorian, Mohsen and van der Laak, Jeroen
			AWM and van Ginneken, Bram and S{\'a}nchez, Clara I},
	journal={Medical image analysis},
	volume={42},
	pages={60--88},
	year={2017},
	publisher={Elsevier},
	notes="https://arxiv.org/pdf/1702.05747"
}

@Article{liu2016open,
	title={An open access database for the evaluation of heart sound
		algorithms},
	author={Liu, Chengyu and Springer, David and Li, Qiao and Moody,
		Benjamin and Juan, Ricardo Abad and Chorro, Francisco J and
			Castells, Francisco and Roig, Jos{\'e} Millet and Silva,
		Ikaro and Johnson, Alistair EW and others},
	journal={Physiological Measurement},
	volume={37},
	number={12},
	pages={2181},
	year={2016},
	publisher={IOP Publishing},
	url="https://physionet.org/pn3/challenge/2016/"
}

@InProceedings{liu2017coronary,
	title={Coronary artery calcification (CAC) classification with
		deep convolutional neural networks},
	author={Liu, Xiuming and Wang, Shice and Deng, Yufeng and Chen,
		Kuan},
	booktitle={Medical Imaging 2017: Computer-Aided Diagnosis},
	volume={10134},
	pages={101340M},
	year={2017},
	organization={International Society for Optics and Photonics},
	notes="https://www.spiedigitallibrary.org/conference-proceedings-of-spie/10134/101340M/Coronary-artery-calcification-CAC-classification-with-deep-convolutional-neural-networks/10.1117/12.2253974.full"
}

@InCollection{liu2017left,
	title={Left Atrium Segmentation in CT Volumes with Fully
		Convolutional Networks},
	author={Liu, Honghui and Feng, Jianjiang and Feng, Zishun and Lu,
		Jiwen and Zhou, Jie},
	booktitle={Deep Learning in Medical Image Analysis and Multimodal
		Learning for Clinical Decision Support},
	pages={39--46},
	year={2017},
	publisher={Springer},
	notes="https://link.springer.com/chapter/10.1007/978-3-319-67558-9_5"
}

@Article{liu2018detecting,
	title={Detecting Premature Ventricular Contraction in Children
		with Deep Learning},
	author={Liu, Yixiu and Huang, Yujuan and Wang, Jianyi and Liu, Li
		and Luo, Jiajia},
	journal={Journal of Shanghai Jiaotong University (Science)},
	volume={23},
	number={1},
	pages={66--73},
	year={2018},
	publisher={Springer},
	notes="https://link.springer.com/article/10.1007/s12204-018-1911-3"
}

@Article{loh2017deep,
	title={Deep learning for cardiac computer-aided diagnosis:
		benefits, issues \& solutions},
	author={Loh, Brian CS and Then, Patrick HH},
	journal={mHealth},
	volume={3},
	year={2017},
	publisher={AME Publications}
}

@InCollection{lopez2017dcnn,
	title={DCNN-Based Automatic Segmentation and Quantification of
		Aortic Thrombus Volume: Influence of the Training
			Approach},
	author={L{\'o}pez-Linares, Karen and Kabongo, Luis and Lete, Nerea
		and Maclair, Gregory and Ceresa, Mario and
			Garc{\'\i}a-Familiar, Ainhoa and Mac{\'\i}a, Iv{\'a}n and
			Ballester, Miguel {\'A}ngel Gonz{\'a}lez},
	booktitle={Intravascular Imaging and Computer Assisted Stenting, and
		Large-Scale Annotation of Biomedical Data and Expert Label
			Synthesis},
	pages={29--38},
	year={2017},
	publisher={Springer},
	notes="https://link.springer.com/chapter/10.1007/978-3-319-67534-3_4"
}

@InProceedings{luo2016cardiac,
	title={Cardiac left ventricular volumes prediction method based
		on atlas location and deep learning},
	author={Luo, Gongning and Dong, Suyu and Wang, Kuanquan and Zhang,
		Henggui},
	booktitle={Bioinformatics and Biomedicine (BIBM), 2016 IEEE
		International Conference on},
	pages={1604--1610},
	year={2016},
	organization={IEEE},
	notes="https://ieeexplore.ieee.org/document/7822759/"
}

@Article{luo2017patient,
	title={Patient-Specific Deep Architectural Model for ECG
		Classification},
	author={Luo, Kan and Li, Jianqing and Wang, Zhigang and Cuschieri,
		Alfred},
	journal={Journal of healthcare engineering},
	volume={2017},
	year={2017},
	publisher={Hindawi},
	notes="https://www.hindawi.com/journals/jhe/2017/4108720/"
}

@Article{madani2018fast,
	title={Fast and accurate view classification of echocardiograms
		using deep learning},
	author={Madani, Ali and Arnaout, Ramy and Mofrad, Mohammad and
		Arnaout, Rima},
	journal={npj Digital Medicine},
	volume={1},
	number={1},
	pages={6},
	year={2018},
	publisher={Nature Publishing Group},
	notes="https://www.nature.com/articles/s41746-017-0013-1"
}

@Article{mahmood2018deep,
	title={Deep learning and conditional random fields-based depth
		estimation and topographical reconstruction from
			conventional endoscopy},
	author={Mahmood, Faisal and Durr, Nicholas J},
	journal={Medical Image Analysis},
	year={2018},
	publisher={Elsevier}
}

@Article{maji2016ensemble,
	title={Ensemble of deep convolutional neural networks for
		learning to detect retinal vessels in fundus images},
	author={Maji, Debapriya and Santara, Anirban and Mitra, Pabitra
		and Sheet, Debdoot},
	journal={arXiv preprint arXiv:1603.04833},
	year={2016},
	notes="https://arxiv.org/pdf/1603.04833"
}

@Article{mayer2015big,
	title={Big data for cardiology: novel discovery?},
	author={Mayer-Sch{\"o}nberger, Viktor},
	journal={European heart journal},
	volume={37},
	number={12},
	pages={996--1001},
	year={2015},
	publisher={Oxford University Press}
}

@InProceedings{melinvsvcak2015retinal,
	title={Retinal vessel segmentation using deep neural networks},
	author={Melin{\v{s}}{\v{c}}ak, Martina and Prenta{\v{s}}i{\'c},
		Pavle and Lon{\v{c}}ari{\'c}, Sven},
	booktitle={VISAPP 2015 (10th International Conference on Computer
			Vision Theory and Applications)},
	year={2015},
	notes="https://bib.irb.hr/datoteka/760800.clanak_review.pdf"
}

@InProceedings{meyer2017deep,
	title={A Deep Neural Network for Vessel Segmentation of Scanning
		Laser Ophthalmoscopy Images},
	author={Meyer, Maria Ines and Costa, Pedro and Galdran, Adrian and
		Mendon{\c{c}}a, Ana Maria and Campilho, Aur{\'e}lio},
	booktitle={International Conference Image Analysis and Recognition},
	pages={507--515},
	year={2017},
	organization={Springer},
	notes="https://link.springer.com/chapter/10.1007/978-3-319-59876-5_56"
}

@Article{miotto2017deep,
	title={Deep learning for healthcare: review, opportunities and
		challenges},
	author={Miotto, Riccardo and Wang, Fei and Wang, Shuang and Jiang,
		Xiaoqian and Dudley, Joel T},
	journal={Briefings in bioinformatics},
	year={2017}
}

@Article{mo2017multi,
	title={Multi-level deep supervised networks for retinal vessel
		segmentation},
	author={Mo, Juan and Zhang, Lei},
	journal={International journal of computer assisted radiology and
		surgery},
	volume={12},
	number={12},
	pages={2181--2193},
	year={2017},
	publisher={Springer},
	notes="https://www.ncbi.nlm.nih.gov/pubmed/28577175"
}

@InProceedings{montoya2018deep,
	title={Deep learning angiography (DLA): three-dimensional C-arm
		cone beam CT angiography generated from deep learning
			method using a convolutional neural network},
	author={Montoya, Juan C and Li, Yinsheng and Strother, Charles and
		Chen, Guang-Hong},
	booktitle={Medical Imaging 2018: Physics of Medical Imaging},
						volume={10573},
						pages={105731N},
						year={2018},
						organization={International Society for Optics and Photonics},
						notes="https://arxiv.org/pdf/1801.09520"
}

@Article{moody1984noise,
	title={A noise stress test for arrhythmia detectors},
	author={Moody, George B and Muldrow, W and Mark, Roger G},
	journal={Computers in cardiology},
	volume={11},
	number={3},
	pages={381--384},
	year={1984},
	url="https://physionet.org/physiobank/database/nstdb/"
}

@Article{moody2001impact,
	title={The impact of the MIT-BIH arrhythmia database},
	author={Moody, George B and Mark, Roger G},
	journal={IEEE Engineering in Medicine and Biology Magazine},
	volume={20},
	number={3},
	pages={45--50},
	year={2001},
	publisher={IEEE},
	url="https://physionet.org/challenge/2017/"
}

@InProceedings{moradi2016cross,
	title={A cross-modality neural network transform for
		semi-automatic medical image annotation},
	author={Moradi, Mehdi and Guo, Yufan and Gur, Yaniv and Negahdar,
		Mohammadreza and Syeda-Mahmood, Tanveer},
	booktitle={International Conference on Medical Image Computing and
		Computer-Assisted Intervention},
	pages={300--307},
	year={2016},
	organization={Springer},
	notes="https://link.springer.com/chapter/10.1007/978-3-319-46723-8_35"
}

@InProceedings{moradi2016hybrid,
	title={A hybrid learning approach for semantic labeling of
		cardiac CT slices and recognition of body position},
	author={Moradi, Mehdi and Gur, Yaniv and Wang, Hongzhi and
		Prasanna, Prasanth and Syeda-Mahmood, Tanveer},
	booktitle={Biomedical Imaging (ISBI), 2016 IEEE 13th International
		Symposium on},
	pages={1418--1421},
	year={2016},
	organization={IEEE},
	notes="https://ieeexplore.ieee.org/document/7493533/"
}

@InProceedings{mortazi2017multi,
	title={Multi-planar deep segmentation networks for cardiac
		substructures from MRI and CT},
	author={Mortazi, Aliasghar and Burt, Jeremy and Bagci, Ulas},
	booktitle={International Workshop on Statistical Atlases and
		Computational Models of the Heart},
	pages={199--206},
	year={2017},
	organization={Springer},
	notes="https://arxiv.org/pdf/1708.00983"
}

@InProceedings{nascimento2016multi,
	title={Multi-atlas segmentation using manifold learning with deep
		belief networks},
	author={Nascimento, Jacinto C and Carneiro, Gustavo},
	booktitle={Biomedical Imaging (ISBI), 2016 IEEE 13th International
		Symposium on},
	pages={867--871},
	year={2016},
	organization={IEEE},
	notes="https://ieeexplore.ieee.org/document/7493403/"
}

@InProceedings{ngiam2011multimodal,
	title={Multimodal deep learning},
	author={Ngiam, Jiquan and Khosla, Aditya and Kim, Mingyu and Nam,
		Juhan and Lee, Honglak and Ng, Andrew Y},
	booktitle={Proceedings of the 28th international conference on
		machine learning (ICML-11)},
	pages={689--696},
	year={2011}
}

@Article{nirschl2018deep,
	title={A deep-learning classifier identifies patients with
		clinical heart failure using whole-slide images of H\&E
			tissue},
	author={Nirschl, Jeffrey J and Janowczyk, Andrew and Peyster,
		Eliot G and Frank, Renee and Margulies, Kenneth B and
			Feldman, Michael D and Madabhushi, Anant},
	journal={PloS one},
	volume={13},
	number={4},
	pages={e0192726},
	year={2018},
	publisher={Public Library of Science},
	notes="https://www.ncbi.nlm.nih.gov/pubmed/29614076"
}

@InProceedings{oktay2016multi,
	title={Multi-input cardiac image super-resolution using
		convolutional neural networks},
	author={Oktay, Ozan and Bai, Wenjia and Lee, Matthew and Guerrero,
		Ricardo and Kamnitsas, Konstantinos and Caballero, Jose and
			de Marvao, Antonio and Cook, Stuart and Oâ€™Regan, Declan
			and Rueckert, Daniel},
	booktitle={International Conference on Medical Image Computing and
		Computer-Assisted Intervention},
	pages={246--254},
	year={2016},
	organization={Springer},
	notes="http://www.doc.ic.ac.uk/~oo2113/publications/MICCAI2016_camera_ready.pdf"
}

@Article{oktay2018anatomically,
	title={Anatomically Constrained Neural Networks (ACNNs):
		Application to Cardiac Image Enhancement and Segmentation},
	author={Oktay, Ozan and Ferrante, Enzo and Kamnitsas, Konstantinos
		and Heinrich, Mattias and Bai, Wenjia and Caballero, Jose
			and Cook, Stuart A and de Marvao, Antonio and Dawes,
		Timothy and Oâ€˜Regan, Declan P and others},
	journal={IEEE transactions on medical imaging},
		volume={37},
		number={2},
		pages={384--395},
		year={2018},
		publisher={IEEE}
}

@InProceedings{oliveira2017augmenting,
	title={Augmenting data when training a CNN for retinal vessel
		segmentation: How to warp?},
	author={Oliveira, Americo and Pereira, S{\'e}rgio and Silva,
		Carlos A},
	booktitle={Bioengineering (ENBENG), 2017 IEEE 5th Portuguese Meeting
		on},
	pages={1--4},
	year={2017},
	organization={IEEE},
	notes="https://ieeexplore.ieee.org/document/7889443/"
}

@Article{orlando2018ensemble,
	title={An ensemble deep learning based approach for red lesion
		detection in fundus images},
	author={Orlando, Jos{\'e} Ignacio and Prokofyeva, Elena and del
		Fresno, Mariana and Blaschko, Matthew B},
	journal={Computer methods and programs in biomedicine},
	volume={153},
	pages={115--127},
	year={2018},
	publisher={Elsevier},
	notes="https://www.sciencedirect.com/science/article/pii/S0169260717307897"
}

@Article{owen2009measuring,
	title={Measuring retinal vessel tortuosity in 10-year-old
		children: validation of the computer-assisted image
			analysis of the retina (CAIAR) program},
	author={Owen, Christopher G and Rudnicka, Alicja R and Mullen,
		Robert and Barman, Sarah A and Monekosso, Dorothy and
			Whincup, Peter H and Ng, Jeffrey and Paterson, Carl},
	journal={Investigative ophthalmology \& visual science},
	volume={50},
	number={5},
	pages={2004--2010},
	year={2009},
	publisher={The Association for Research in Vision and Ophthalmology},
	notes="https://www.ncbi.nlm.nih.gov/pubmed/19324866",
	url="https://blogs.kingston.ac.uk/retinal/chasedb1/"
}

@InProceedings{pace2015interactive,
	title={Interactive whole-heart segmentation in congenital heart
		disease},
	author={Pace, Danielle F and Dalca, Adrian V and Geva, Tal and
		Powell, Andrew J and Moghari, Mehdi H and Golland, Polina},
	booktitle={International Conference on Medical Image Computing and
		Computer-Assisted Intervention},
	pages={80--88},
	year={2015},
	organization={Springer},
	notes="https://www.ncbi.nlm.nih.gov/pubmed/26889498",
	url="http://segchd.csail.mit.edu/data.html"
}

@Article{pan1985real,
	title={A real-time QRS detection algorithm},
	author={Pan, Jiapu and Tompkins, Willis J},
	journal={IEEE transactions on biomedical engineering},
	number={3},
	pages={230--236},
	year={1985},
	publisher={IEEE}
}

@Article{pan2017variation,
	title={Variation of the Korotkoff stethoscope sounds during blood
		pressure measurement: Analysis using a convolutional neural
			network},
	author={Pan, Fan and He, Peiyu and Liu, Chengyu and Li, Taiyong
		and Murray, Alan and Zheng, Dingchang},
	journal={IEEE journal of biomedical and health informatics},
	volume={21},
	number={6},
	pages={1593--1598},
	year={2017},
	publisher={IEEE},
	notes="https://ieeexplore.ieee.org/document/7937795/"
}

@Book{parrillo2013critical,
	title={Critical Care Medicine E-Book: Principles of Diagnosis and
		Management in the Adult},
	author={Parrillo, Joseph E and Dellinger, R Phillip},
	year={2013},
	publisher={Elsevier Health Sciences}
}

@Article{paszke2016enet,
	title={Enet: A deep neural network architecture for real-time
		semantic segmentation},
	author={Paszke, Adam and Chaurasia, Abhishek and Kim, Sangpil and
		Culurciello, Eugenio},
	journal={arXiv preprint arXiv:1606.02147},
	year={2016},
	notes="https://arxiv.org/pdf/1606.02147"
}

@InProceedings{patravali20172d,
	title={2D-3D fully convolutional neural networks for cardiac MR
		segmentation},
	author={Patravali, Jay and Jain, Shubham and Chilamkurthy,
		Sasank},
	booktitle={International Workshop on Statistical Atlases and
		Computational Models of the Heart},
	pages={130--139},
	year={2017},
	organization={Springer},
	notes="https://arxiv.org/pdf/1707.09813"
}

@InProceedings{pavoni2017image,
	title={Image Denoising with Convolutional Neural Networks for
		Percutaneous Transluminal Coronary Angioplasty},
	author={Pavoni, Marco and Chang, Yongjun and Smedby, {\"O}rjan},
	booktitle={European Congress on Computational Methods in Applied
		Sciences and Engineering},
	pages={255--265},
	year={2017},
	organization={Springer},
	notes="https://link.springer.com/chapter/10.1007/978-3-319-68195-5_28"
}

@InProceedings{payer2017multi,
	title={Multi-label whole heart segmentation using CNNs and
		anatomical label configurations},
	author={Payer, Christian and {\v{S}}tern, Darko and Bischof, Horst
		and Urschler, Martin},
	booktitle={International Workshop on Statistical Atlases and
		Computational Models of the Heart},
	pages={190--198},
	year={2017},
	organization={Springer},
	notes="https://pdfs.semanticscholar.org/0155/6b9fbade335e0b58812fa75023a6dd409ce1.pdf"
}

@InProceedings{perrin2017application,
	title={Application of convolutional artificial neural networks to
		echocardiograms for differentiating congenital heart
			diseases in a pediatric population},
	author={Perrin, Douglas P and Bueno, Alejandra and Rodriguez,
		Andrea and Marx, Gerald R and Pedro, J},
	booktitle={Medical Imaging 2017: Computer-Aided Diagnosis},
	volume={10134},
	pages={1013431},
	year={2017},
	organization={International Society for Optics and Photonics},
	notes="https://www.spiedigitallibrary.org/conference-proceedings-of-spie/10134/1013431/Application-of-convolutional-artificial-neural-networks-to-echocardiograms-for-differentiating/10.1117/12.2254083.full"
}

@Article{petitjean2015right,
	title={Right ventricle segmentation from cardiac MRI: a collation
		study},
	author={Petitjean, Caroline and Zuluaga, Maria A and Bai, Wenjia
		and Dacher, Jean-Nicolas and Grosgeorge, Damien and
			Caudron, J{\'e}r{\^o}me and Ruan, Su and Ayed, Ismail Ben
			and Cardoso, M Jorge and Chen, Hsiang-Chou and others},
	journal={Medical image analysis},
	volume={19},
	number={1},
	pages={187--202},
	year={2015},
	publisher={Elsevier},
	notes="https://www.ncbi.nlm.nih.gov/pubmed/25461337",
	url="http://www.litislab.fr/?projet=1rvsc"
}

@Article{poh2018diagnostic,
	title={Diagnostic assessment of a deep learning system for
		detecting atrial fibrillation in pulse waveforms},
	author={Poh, Ming-Zher and Poh, Yukkee Cheung and Chan, Pak-Hei
		and Wong, Chun-Ka and Pun, Louise and Leung, Wangie
			Wan-Chiu and Wong, Yu-Fai and Wong, Michelle Man-Ying and
			Chu, Daniel Wai-Sing and Siu, Chung-Wah},
	journal={Heart},
	pages={heartjnl--2018},
	year={2018},
	publisher={BMJ Publishing Group Ltd and British Cardiovascular
		Society},
	notes="https://heart.bmj.com/content/early/2018/05/31/heartjnl-2018-313147"
}

@Article{polley2010super,
	title={Super learner in prediction},
	author={Polley, Eric C and Van Der Laan, Mark J},
	year={2010},
	publisher={bepress}
}

@Article{poplin2017predicting,
	title={Predicting Cardiovascular Risk Factors from Retinal Fundus
		Photographs using Deep Learning},
	author={Poplin, Ryan and Varadarajan, Avinash V and Blumer, Katy
		and Liu, Yun and McConnell, Michael V and Corrado, Greg S
			and Peng, Lily and Webster, Dale R},
	journal={arXiv preprint arXiv:1708.09843},
	year={2017},
	notes="https://arxiv.org/pdf/1708.09843"
}

@InProceedings{potes2016ensemble,
	title={Ensemble of feature-based and deep learning-based
		classifiers for detection of abnormal heart sounds},
	author={Potes, Cristhian and Parvaneh, Saman and Rahman, Asif and
		Conroy, Bryan},
	booktitle={Computing in Cardiology Conference (CinC), 2016},
	pages={621--624},
	year={2016},
	organization={IEEE},
	notes="https://ieeexplore.ieee.org/document/7868819/"
}

@InCollection{poudel2016recurrent,
	title={Recurrent fully convolutional neural networks for
		multi-slice MRI cardiac segmentation},
	author={Poudel, Rudra PK and Lamata, Pablo and Montana, Giovanni},
	booktitle={Reconstruction, Segmentation, and Analysis of Medical
		Images},
	pages={83--94},
	year={2016},
	publisher={Springer},
	notes="https://arxiv.org/pdf/1608.03974"
}

@Article{pratt2017automatica,
	title={Automatic Detection and Distinction of Retinal Vessel
		Bifurcations and Crossings in Colour Fundus Photography},
	author={Pratt, Harry and Williams, Bryan M and Ku, Jae Yee and
		Vas, Charles and McCann, Emma and Al-Bander, Baidaa and
			Zhao, Yitian and Coenen, Frans and Zheng, Yalin},
	journal={Journal of Imaging},
	volume={4},
	number={1},
	pages={4},
	year={2017},
	publisher={Multidisciplinary Digital Publishing Institute},
	notes="www.mdpi.com/2313-433X/4/1/4/pdf"
}

@InProceedings{pratt2017automaticb,
	title={Automatic detection and identification of retinal vessel
		junctions in colour fundus photography},
	author={Pratt, Harry and Williams, Bryan M and Ku, Jae and Coenen,
		Frans and Zheng, Yalin},
	booktitle={Annual Conference on Medical Image Understanding and
		Analysis},
	pages={27--37},
	year={2017},
	organization={Springer}
}

@Article{purushotham2018benchmarking,
	title={Benchmarking Deep Learning Models on Large Healthcare
		Datasets},
	author={Purushotham, Sanjay and Meng, Chuizheng and Che, Zhengping
		and Liu, Yan},
	journal={Journal of biomedical informatics},
	volume       ={83},
	pages        ={112--134},
	year={2018},
	publisher={Elsevier},
	notes="https://arxiv.org/pdf/1710.08531"
}

@InProceedings{radau2009evaluation,
	title={Evaluation Framework for Algorithms Segmenting Short Axis
		Cardiac {MRI}},
	author={Radau, P. and Lu, Y. and Connelly, K. and Paul, G. and
		Dick, A. and Wright, G.},
	booktitle={The MIDAS Journal - Cardiac MR Left Ventricle Segmentation
		Challenge},
	year={2009},
	url="http://www.cardiacatlas.org/studies/sunnybrook-cardiac-data/"
}

@Article{rajpurkar2017cardiologist,
	title={Cardiologist-level arrhythmia detection with convolutional
		neural networks},
	author={Rajpurkar, Pranav and Hannun, Awni Y and Haghpanahi,
		Masoumeh and Bourn, Codie and Ng, Andrew Y},
	journal={arXiv preprint arXiv:1707.01836},
	year={2017},
	notes="http://arxiv.org/pdf/1707.01836"
}

@InProceedings{reasat2017detection,
	title={Detection of inferior myocardial infarction using shallow
		convolutional neural networks},
	author={Reasat, Tahsin and Shahnaz, Celia},
	booktitle={Humanitarian Technology Conference (R10-HTC), 2017 IEEE
		Region 10},
	pages={718--721},
	year={2017},
	organization={IEEE},
	notes="https://ieeexplore.ieee.org/document/8289058/"
}

@Article{ripoll2016ecg,
	title={ECG assessment based on neural networks with pretraining},
	author={Ripoll, Vicent J Ribas and Wojdel, Anna and Romero,
		Enrique and Ramos, Pablo and Brugada, Josep},
	journal={Applied Soft Computing},
	volume={49},
	pages={399--406},
	year={2016},
	publisher={Elsevier},
	notes="https://www.sciencedirect.com/science/article/pii/S1568494616304070"
}

@InProceedings{romaguera2017left,
	title={Left ventricle segmentation in cardiac MRI images using
		fully convolutional neural networks},
	author={Romaguera, Liset V{\'a}zquez and Costa, Marly
		Guimar{\~a}es Fernandes and Romero, Francisco Perdig{\'o}n
			and Costa Filho, Cicero Ferreira Fernandes},
	booktitle={Medical Imaging 2017: Computer-Aided Diagnosis},
	volume={10134},
	pages={101342Z},
	year={2017},
	organization={International Society for Optics and Photonics},
	notes="https://www.spiedigitallibrary.org/conference-proceedings-of-spie/10134/101342Z/Left-ventricle-segmentation-in-cardiac-MRI-images-using-fully-convolutional/10.1117/12.2253901.full"
}

@InProceedings{ronneberger2015u,
	title={U-net: Convolutional networks for biomedical image
		segmentation},
	author={Ronneberger, Olaf and Fischer, Philipp and Brox, Thomas},
	booktitle={International Conference on Medical Image Computing and
		Computer-Assisted Intervention},
	pages={234--241},
	year={2015},
	organization={Springer},
	notes="https://arxiv.org/pdf/1505.04597"
}

@Article{rosenblatt1958perceptron,
	title={The perceptron: a probabilistic model for information
		storage and organization in the brain.},
	author={Rosenblatt, Frank},
	journal={Psychological review},
	volume={65},
	number={6},
	pages={386},
	year={1958},
	publisher={American Psychological Association}
}

@InProceedings{roy2016multiscale,
	title={Multiscale distribution preserving autoencoders for plaque
		detection in intravascular optical coherence tomography},
	author={Roy, Abhijit Guha and Conjeti, Sailesh and Carlier,
		Stephane G and Houissa, Khalil and K{\"o}nig, Andreas and
			Dutta, Pranab K and Laine, Andrew F and Navab, Nassir and
			Katouzian, Amin and Sheet, Debdoot},
	booktitle={Biomedical Imaging (ISBI), 2016 IEEE 13th International
		Symposium on},
	pages={1359--1362},
	year={2016},
	organization={IEEE},
	notes="https://ieeexplore.ieee.org/document/7493519/"
}

@Article{rubin2017recognizing,
	title={Recognizing Abnormal Heart Sounds Using Deep Learning},
	author={Rubin, Jonathan and Abreu, Rui and Ganguli, Anurag and
		Nelaturi, Saigopal and Matei, Ion and Sricharan, Kumar},
	journal={arXiv preprint arXiv:1707.04642},
	year={2017},
	notes="http://arxiv.org/pdf/1707.04642"
}

@Article{rupprecht2016deep,
	title={Deep active contours},
	author={Rupprecht, Christian and Huaroc, Elizabeth and Baust,
		Maximilian and Navab, Nassir},
	journal={arXiv preprint arXiv:1607.05074},
	year={2016},
	notes="https://arxiv.org/pdf/1607.05074"
}

@InProceedings{ryu2016classification,
	title={Classification of heart sound recordings using convolution
		neural network},
	author={Ryu, Heechang and Park, Jinkyoo and Shin, Hayong},
	booktitle={Computing in Cardiology Conference (CinC), 2016},
	pages={1153--1156},
	year={2016},
	organization={IEEE},
	notes="https://ieeexplore.ieee.org/document/7868952/"
}

@InCollection{santini2017automatic,
	title={An automatic deep learning approach for coronary artery
		calcium segmentation},
	author={Santini, Gianmarco and Della Latta, Daniele and Martini,
		Nicola and Valvano, Gabriele and Gori, Andrea and Ripoli,
		Andrea and Susini, Carla L and Landini, Luigi and
			Chiappino, Dante},
	booktitle={EMBEC \& NBC 2017},
	pages={374--377},
	year={2017},
	publisher={Springer},
	notes="https://arxiv.org/pdf/1710.03023"
}

@Article{schwab2017beat,
	title={Beat by Beat: Classifying Cardiac Arrhythmias with
		Recurrent Neural Networks},
	author={Schwab, Patrick and Scebba, Gaetano C and Zhang, Jia and
		Delai, Marco and Karlen, Walter},
	journal={Computing},
	volume={44},
	pages={1},
	year={2017},
	notes="https://ieeexplore.ieee.org/document/8331750/"
}

@Article{sebastiani1991mathematical,
	title={Mathematical principles of basic magnetic resonance
		imaging in medicine},
	author={Sebastiani, Giovanni and Barone, Piero},
	journal={Signal Processing},
	volume={25},
	number={2},
	pages={227--250},
	year={1991},
	publisher={Elsevier}
}

@InProceedings{sengur2017retinal,
	title={A retinal vessel detection approach using convolution
		neural network},
	author={Sengur, Abdulkadir and Guo, Yanhui and Budak, {\"U}mit and
		Vespa, Lucas J},
	booktitle={Artificial Intelligence and Data Processing Symposium
		(IDAP), 2017 International},
	pages={1--4},
	year={2017},
	organization={IEEE},
	notes="https://ieeexplore.ieee.org/document/8090331/"
}

@InProceedings{shadmi2018fully,
	title={Fully-convolutional deep-learning based system for
		coronary calcium score prediction from non-contrast chest
			CT},
	author={Shadmi, Ran and Mazo, Victoria and Bregman-Amitai, Orna
		and Elnekave, Eldad},
	booktitle={Biomedical Imaging (ISBI 2018), 2018 IEEE 15th
		International Symposium on},
	pages={24--28},
	year={2018},
	organization={IEEE},
	notes="https://ieeexplore.ieee.org/document/8363515/"
}

@Article{shameer2018machine,
	title={Machine learning in cardiovascular medicine: are we there
		yet?},
	author={Shameer, Khader and Johnson, Kipp W and Glicksberg,
		Benjamin S and Dudley, Joel T and Sengupta, Partho P},
	journal={Heart},
	pages={heartjnl--2017},
	year={2018},
	publisher={BMJ Publishing Group Ltd and British Cardiovascular
		Society},
	notes="https://www.ncbi.nlm.nih.gov/pubmed/29352006"
}

@InProceedings{shashikumar2017deep,
	title={A deep learning approach to monitoring and detecting
		atrial fibrillation using wearable technology},
	author={Shashikumar, Supreeth Prajwal and Shah, Amit J and Li,
		Qiao and Clifford, Gari D and Nemati, Shamim},
	booktitle={Biomedical \& Health Informatics (BHI), 2017 IEEE EMBS
		International Conference on},
	pages={141--144},
	year={2017},
	organization={IEEE},
	notes="https://ieeexplore.ieee.org/document/7897225/"
}

@Misc{shrestha2018machine,
	title={Machine learning for nuclear cardiology: The way forward},
	author={Shrestha, Sirish and Sengupta, Partho P},
	year={2018},
	publisher={Springer}
}

@InProceedings{silva2013noninvasive,
	title={Noninvasive fetal ecg: the physionet/computing in
		cardiology challenge 2013},
	author={Silva, Ikaro and Behar, Joachim and Sameni, Reza and Zhu,
		Tingting and Oster, Julien and Clifford, Gari D and Moody,
		George B},
	booktitle={Computing in Cardiology Conference (CinC), 2013},
	pages={149--152},
	year={2013},
	organization={IEEE},
	url="https://physionet.org/challenge/2013/"
}

@InProceedings{silva2018ejection,
	title={Ejection Fraction Classification in Transthoracic
		Echocardiography Using a Deep Learning Approach},
	author={Silva, Jo{\~a}o Figueira and Silva, Jorge Miguel and
		Guerra, Ant{\'o}nio and Matos, S{\'e}rgio and Costa, Carlos},
	booktitle={2018 IEEE 31st International Symposium on Computer-Based
		Medical Systems (CBMS)},
	pages={123--128},
	year={2018},
	organization={IEEE},
	notes="https://ieeexplore.ieee.org/document/8417224/"
}

@Article{slomka2017cardiac,
	title={Cardiac imaging: working towards fully-automated machine
		analysis \& interpretation},
	author={Slomka, Piotr J and Dey, Damini and Sitek, Arkadiusz and
		Motwani, Manish and Berman, Daniel S and Germano, Guido},
	journal={Expert review of medical devices},
	volume={14},
	number={3},
	pages={197--212},
	year={2017},
	publisher={Taylor \& Francis}
}

@Article{staal2004ridge,
	title={Ridge-based vessel segmentation in color images of the
		retina},
	author={Staal, Joes and Abr{\`a}moff, Michael D and Niemeijer,
		Meindert and Viergever, Max A and Van Ginneken, Bram},
	journal={IEEE transactions on medical imaging},
	volume={23},
	number={4},
	pages={501--509},
	year={2004},
	publisher={IEEE},
	url="https://www.isi.uu.nl/Research/Databases/DRIVE/"
}

@Article{sudlow2015uk,
	title={UK biobank: an open access resource for identifying the
		causes of a wide range of complex diseases of middle and
			old age},
	author={Sudlow, Cathie and Gallacher, John and Allen, Naomi and
		Beral, Valerie and Burton, Paul and Danesh, John and
			Downey, Paul and Elliott, Paul and Green, Jane and Landray,
		Martin and others},
	journal={PLoS medicine},
	volume={12},
	number={3},
	pages={e1001779},
	year={2015},
	publisher={Public Library of Science},
	url="https://biobank.ctsu.ox.ac.uk/crystal/download.cgi"
}

@InCollection{tajbakhsh2017automatic,
	title={Automatic Interpretation of Carotid Intima--Media
		Thickness Videos Using Convolutional Neural Networks},
	author={Tajbakhsh, Nima and Shin, Jae Y and Hurst, R Todd and
		Kendall, Christopher B and Liang, Jianming},
	booktitle={Deep Learning for Medical Image Analysis},
	pages={105--131},
	year={2017},
	publisher={Elsevier},
	notes="https://www.sciencedirect.com/science/article/pii/B9780128104088000079"
}

@Article{taji2017false,
	title={False Alarm Reduction in Atrial Fibrillation Detection
		Using Deep Belief Networks},
	author={Taji, Bahareh and Chan, Adrian DC and Shirmohammadi,
		Shervin},
	journal={IEEE Transactions on Instrumentation and Measurement},
	year={2017},
	publisher={IEEE},
	notes="https://ieeexplore.ieee.org/document/8122053/"
}

@InProceedings{tan2016cardiac,
	title={Cardiac left ventricle segmentation using convolutional
		neural network regression},
	author={Tan, Li Kuo and Liew, Yih Miin and Lim, Einly and
		McLaughlin, Robert A},
	booktitle={Biomedical Engineering and Sciences (IECBES), 2016 IEEE
		EMBS Conference on},
	pages={490--493},
	year={2016},
	organization={IEEE},
	notes="https://ieeexplore.ieee.org/document/7843499/"
}

@Article{tan2017convolutional,
	title={Convolutional neural network regression for short-axis
		left ventricle segmentation in cardiac cine MR sequences},
	author={Tan, Li Kuo and Liew, Yih Miin and Lim, Einly and
		McLaughlin, Robert A},
	journal={Medical image analysis},
	volume={39},
	pages={78--86},
	year={2017},
	publisher={Elsevier},
	notes="https://www.sciencedirect.com/science/article/pii/S1361841517300543"
}

@InProceedings{tom2018simulating,
	title={Simulating patho-realistic ultrasound images using deep
		generative networks with adversarial learning},
	author={Tom, Francis and Sheet, Debdoot},
	booktitle={Biomedical Imaging (ISBI 2018), 2018 IEEE 15th
		International Symposium on},
	pages={1174--1177},
	year={2018},
	organization={IEEE},
	notes="https://arxiv.org/pdf/1712.07881"
}

@Article{tran2016fully,
	title={A fully convolutional neural network for cardiac
		segmentation in short-axis MRI},
	author={Tran, Phi Vu},
	journal={arXiv preprint arXiv:1604.00494},
	year={2016},
	notes="http://arxiv.org/pdf/1604.00494"
}

@Article{van2016fast,
	title={Fast convolutional neural network training using selective
		data sampling: Application to hemorrhage detection in color
			fundus images},
	author={van Grinsven, Mark JJP and van Ginneken, Bram and Hoyng,
		Carel B and Theelen, Thomas and S{\'a}nchez, Clara I},
	journal={IEEE transactions on medical imaging},
	volume={35},
	number={5},
	pages={1273--1284},
	year={2016},
	publisher={IEEE},
	notes="https://ieeexplore.ieee.org/document/7401052/"
}

@Article{vincent2010stacked,
	title={Stacked denoising autoencoders: Learning useful
		representations in a deep network with a local denoising
			criterion},
	author={Vincent, Pascal and Larochelle, Hugo and Lajoie, Isabelle
		and Bengio, Yoshua and Manzagol, Pierre-Antoine},
	journal={Journal of Machine Learning Research},
	volume={11},
	number={Dec},
	pages={3371--3408},
	year={2010}
}

@Article{wang2015hierarchical,
	title={Hierarchical retinal blood vessel segmentation based on
		feature and ensemble learning},
	author={Wang, Shuangling and Yin, Yilong and Cao, Guibao and Wei,
		Benzheng and Zheng, Yuanjie and Yang, Gongping},
	journal={Neurocomputing},
	volume={149},
	pages={708--717},
	year={2015},
	publisher={Elsevier},
	notes="https://www.sciencedirect.com/science/article/pii/S0925231214010169"
}

@Article{wang2017detecting,
	title={Detecting cardiovascular disease from mammograms with deep
		learning},
	author={Wang, Juan and Ding, Huanjun and Bidgoli, Fatemeh Azamian
		and Zhou, Brian and Iribarren, Carlos and Molloi, Sabee and
			Baldi, Pierre},
	journal={IEEE transactions on medical imaging},
	volume={36},
	number={5},
	pages={1172--1181},
	year={2017},
	publisher={IEEE},
	notes="https://www.ncbi.nlm.nih.gov/pubmed/28113340"
}

@Article{welikala2017automated,
	title={Automated arteriole and venule classification using deep
		learning for retinal images from the UK Biobank cohort},
	author={Welikala, RA and Foster, PJ and Whincup, PH and Rudnicka,
		AR and Owen, CG and Strachan, DP and Barman, SA and
			others},
	journal={Computers in biology and medicine},
	volume={90},
	pages={23--32},
	year={2017},
	publisher={Elsevier},
	notes="https://www.ncbi.nlm.nih.gov/pubmed/28917120"
}

@Article{winther2017nu,
	title={nu-net: Deep Learning for Generalized Biventricular
		Cardiac Mass and Function Parameters},
	author={Winther, Hinrich B and Hundt, Christian and Schmidt,
		Bertil and Czerner, Christoph and Bauersachs, Johann and
			Wacker, Frank and Vogel-Claussen, Jens},
	journal={arXiv preprint arXiv:1706.04397},
	year={2017},
	notes="https://arxiv.org/pdf/1706.04397"
}

@Article{wolterink2016automatic,
	title={Automatic coronary artery calcium scoring in cardiac CT
		angiography using paired convolutional neural networks},
	author={Wolterink, Jelmer M and Leiner, Tim and de Vos, Bob D and
		van Hamersvelt, Robbert W and Viergever, Max A and
			I{\v{s}}gum, Ivana},
	journal={Medical image analysis},
	volume={34},
	pages={123--136},
	year={2016},
	publisher={Elsevier},
	notes="https://www.ncbi.nlm.nih.gov/pubmed/27138584"
}

@InCollection{wolterink2016dilated,
	title={Dilated convolutional neural networks for cardiovascular
		MR segmentation in congenital heart disease},
	author={Wolterink, Jelmer M and Leiner, Tim and Viergever, Max A
		and I{\v{s}}gum, Ivana},
	booktitle={Reconstruction, Segmentation, and Analysis of Medical
		Images},
	pages={95--102},
	year={2016},
	publisher={Springer},
	notes="https://arxiv.org/pdf/1704.03669"
}

@InProceedings{wu2016deep,
	title={Deep vessel tracking: A generalized probabilistic approach
		via deep learning},
	author={Wu, Aaron and Xu, Ziyue and Gao, Mingchen and Buty, Mario
		and Mollura, Daniel J},
	booktitle={Biomedical Imaging (ISBI), 2016 IEEE 13th International
		Symposium on},
	pages={1363--1367},
	year={2016},
	organization={IEEE},
	notes="https://ieeexplore.ieee.org/document/7493520/"
}

@InProceedings{wu2016myocardial,
	title={Myocardial infarction detection and classification - A new
		multi-scale deep feature learning approach},
	author={Wu, JF and Bao, YL and Chan, Shing-Chow and Wu, HC and
		Zhang, L and Wei, Xi-Guang},
	booktitle={Digital Signal Processing (DSP), 2016 IEEE International
		Conference on},
	pages={309--313},
	year={2016},
	organization={IEEE},
	notes="https://ieeexplore.ieee.org/document/7868568/"
}

@InProceedings{wu2016novel,
	title={A novel features learning method for ECG arrhythmias using
		deep belief networks},
	author={Wu, Zhiyong and Ding, Xiangqian and Zhang, Guangrui and
		Xu, Xiaowei and Wang, Xiaodong and Tao, Ye and Ju,
		Chuanxiang},
	booktitle={Digital Home (ICDH), 2016 6th International Conference
		on},
	pages={192--196},
	year={2016},
	organization={IEEE},
	notes="https://ieeexplore.ieee.org/document/8039107/"
}

@InProceedings{wu2017deepq,
	title={DeepQ Arrhythmia Database: A Large-Scale Dataset for
		Arrhythmia Detector Evaluation},
	author={Wu, Meng-Hsi and Chang, Edward Y},
	booktitle={Proceedings of the 2nd International Workshop on
		Multimedia for Personal Health and Health Care},
	pages={77--80},
	year={2017},
	organization={ACM},
	notes="https://storage.googleapis.com/research_htc_com_assets/publications/ecg-mmh17.pdf"
}

@InProceedings{wu2018personalizing,
	title={Personalizing a Generic ECG Heartbeat Classification for
		Arrhythmia Detection: A Deep Learning Approach},
	author={Wu, Meng-Hsi and Chang, Emily J and Chu, Tzu-Hsuan},
	booktitle={2018 IEEE Conference on Multimedia Information Processing
		and Retrieval (MIPR)},
	pages={92--99},
	year={2018},
	organization={IEEE},
	notes="https://ieeexplore.ieee.org/document/8396980/"
}

@Article{xia2018detecting,
	title={Detecting atrial fibrillation by deep convolutional neural
		networks},
	author={Xia, Yong and Wulan, Naren and Wang, Kuanquan and Zhang,
		Henggui},
	journal={Computers in biology and medicine},
	volume={93},
	pages={84--92},
	year={2018},
	publisher={Elsevier},
	notes="https://ncbi.nlm.nih.gov/pubmed/29291535"
}

@Article{xiao2018monitoring,
	title={Monitoring significant ST changes through deep learning},
	author={Xiao, Ran and Xu, Yuan and Pelter, Michele M and Fidler,
		Richard and Badilini, Fabio and Mortara, David W and Hu,
		Xiao},
	journal={Journal of electrocardiology},
	year={2018},
	publisher={Elsevier},
	notes="https://ncbi.nlm.nih.gov/pubmed/30082087"
}

@Article{xiong2015denoising,
	title={Denoising autoencoder for eletrocardiogram signal
		enhancement},
	author={Xiong, Peng and Wang, Hongrui and Liu, Ming and Liu,
		Xiuling},
	journal={Journal of Medical Imaging and Health Informatics},
	volume={5},
	number={8},
	pages={1804--1810},
	year={2015},
	publisher={American Scientific Publishers},
	notes="https://www.ingentaconnect.com/content/asp/jmihi/2015/00000005/00000008/art00036"
}

@InProceedings{xu2017direct,
	title={Direct detection of pixel-level myocardial infarction
		areas via a deep-learning algorithm},
	author={Xu, Chenchu and Xu, Lei and Gao, Zhifan and Zhao, Shen and
		Zhang, Heye and Zhang, Yanping and Du, Xiuquan and Zhao,
		Shu and Ghista, Dhanjoo and Li, Shuo},
	booktitle={International Conference on Medical Image Computing and
		Computer-Assisted Intervention},
	pages={240--249},
	year={2017},
	organization={Springer},
	notes="https://arxiv.org/pdf/1706.03182"
}

@InProceedings{xu2017fibroatheroma,
	title={Fibroatheroma identification in Intravascular Optical
		Coherence Tomography images using deep features},
	author={Xu, Mengdi and Cheng, Jun and Li, Annan and Lee, Jimmy
		Addison and Wong, Damon Wing Kee and Taruya, Akira and
			Tanaka, Atsushi and Foin, Nicolas and Wong, Philip},
	booktitle={Engineering in Medicine and Biology Society (EMBC), 2017
		39th Annual International Conference of the IEEE},
	pages={1501--1504},
	year={2017},
	organization={IEEE},
	notes="https://ieeexplore.ieee.org/document/8037120/"
}

@Article{xue2018full,
	title={Full left ventricle quantification via deep multitask
		relationships learning},
	author={Xue, Wufeng and Brahm, Gary and Pandey, Sachin and Leung,
		Stephanie and Li, Shuo},
	journal={Medical image analysis},
	volume={43},
	pages={54--65},
	year={2018},
	publisher={Elsevier},
	notes="https://www.ncbi.nlm.nih.gov/pubmed/28987903"
}

@InProceedings{yang2016deep,
	title={Deep fusion net for multi-atlas segmentation: Application
		to cardiac mr images},
	author={Yang, Heran and Sun, Jian and Li, Huibin and Wang, Lisheng
		and Xu, Zongben},
	booktitle={International Conference on Medical Image Computing and
		Computer-Assisted Intervention},
	pages={521--528},
	year={2016},
	organization={Springer},
	notes="https://pdfs.semanticscholar.org/990c/5f709007ffc72234fc9f491065c891bf888f.pdf"
}

@Article{yang2017convolutional,
	title={Convolutional Neural Network for the Detection of
		End-Diastole and End-Systole Frames in Free-Breathing
			Cardiac Magnetic Resonance Imaging},
	author={Yang, Fan and He, Yan and Hussain, Mubashir and Xie, Hong
		and Lei, Pinggui},
	journal={Computational and mathematical methods in medicine},
	volume={2017},
	year={2017},
	publisher={Hindawi},
	notes="https://www.hindawi.com/journals/cmmm/2017/1640835/"
}

@Article{yang2017deep,
	title={Deep convolutional neural networks for automatic
		segmentation of left ventricle cavity from cardiac magnetic
			resonance images},
	author={Yang, Xulei and Zeng, Zeng and Yi, Su},
	journal={IET Computer Vision},
	volume={11},
	number={8},
	pages={643--649},
	year={2017},
	publisher={IET},
	notes="https://ieeexplore.ieee.org/document/8120080/"
}

@InProceedings{yang2017hybrid,
	title={Hybrid Loss Guided Convolutional Networks for Whole Heart
		Parsing},
	author={Yang, Xin and Bian, Cheng and Yu, Lequan and Ni, Dong and
		Heng, Pheng-Ann},
	booktitle={International Workshop on Statistical Atlases and
		Computational Models of the Heart},
	pages={215--223},
	year={2017},
	organization={Springer},
	notes="https://link.springer.com/chapter/10.1007/978-3-319-75541-0_23"
}

@Article{yang2017novel,
	title={A novel electrocardiogram arrhythmia classification method
		based on stacked sparse auto-encoders and softmax
			regression},
	author={Yang, Jianli and Bai, Yang and Lin, Feng and Liu, Ming and
		Hou, Zengguang and Liu, Xiuling},
	journal={International Journal of Machine Learning and
		Cybernetics},
	pages={1--8},
	year={2017},
	publisher={Springer},
	notes="https://link.springer.com/article/10.1007/s13042-017-0677-5"
}

@InProceedings{yang2017segmenting,
	title={Segmenting Atrial Fibrosis from Late Gadolinium-Enhanced
		Cardiac MRI by Deep-Learned Features with Stacked Sparse
			Auto-Encoders},
	author={Yang, Guang and Zhuang, Xiahai and Khan, Habib and Haldar,
		Shouvik and Nyktari, Eva and Ye, Xujiong and Slabaugh, Greg
			and Wong, Tom and Mohiaddin, Raad and Keegan, Jennifer and
			others},
	booktitle={Annual Conference on Medical Image Understanding and
		Analysis},
	pages={195--206},
	year={2017},
	organization={Springer},
	notes="https://link.springer.com/chapter/10.1007/978-3-319-60964-5_17"
}

@InProceedings{yao2017atrial,
	title={Atrial fibrillation detection by multi-scale convolutional
		neural networks},
	author={Yao, Zhenjie and Zhu, Zhiyong and Chen, Yixin},
	booktitle={Information Fusion (Fusion), 2017 20th International
		Conference on},
	pages={1--6},
	year={2017},
	organization={IEEE},
	notes="https://ieeexplore.ieee.org/document/8009782/"
}

@Article{yong2017linear,
	title={Linear-regression convolutional neural network for fully
		automated coronary lumen segmentation in intravascular
			optical coherence tomography},
	author={Yong, Yan Ling and Tan, Li Kuo and McLaughlin, Robert A
		and Chee, Kok Han and Liew, Yih Miin},
	journal={Journal of biomedical optics},
	volume={22},
	number={12},
	pages={126005},
	year={2017},
	publisher={International Society for Optics and Photonics},
	notes="https://www.ncbi.nlm.nih.gov/pubmed/29274144"
}

@InCollection{yu20163d,
	title={3D FractalNet: dense volumetric segmentation for
		cardiovascular MRI volumes},
	author={Yu, Lequan and Yang, Xin and Qin, Jing and Heng,
		Pheng-Ann},
	booktitle={Reconstruction, Segmentation, and Analysis of Medical
		Images},
	pages={103--110},
	year={2016},
	publisher={Springer},
	notes="https://link.springer.com/chapter/10.1007/978-3-319-52280-7_10"
}

@InProceedings{zhang2016automated,
	title={Automated quality assessment of cardiac MR images using
		convolutional neural networks},
	author={Zhang, Le and Gooya, Ali and Dong, Bo and Hua, Rui and
		Petersen, Steffen E and Medrano-Gracia, Pau and Frangi,
		Alejandro F},
	booktitle={International Workshop on Simulation and Synthesis in
		Medical Imaging},
	pages={138--145},
	year={2016},
	organization={Springer},
	notes="https://link.springer.com/chapter/10.1007/978-3-319-46630-9_14"
}

@Article{zhen2016multi,
	title={Multi-scale deep networks and regression forests for
		direct bi-ventricular volume estimation},
	author={Zhen, Xiantong and Wang, Zhijie and Islam, Ali and
		Bhaduri, Mousumi and Chan, Ian and Li, Shuo},
	journal={Medical image analysis},
	volume={30},
	pages={120--129},
	year={2016},
	publisher={Elsevier},
	notes="https://www.sciencedirect.com/science/article/pii/S1361841515001024"
}

@InProceedings{zheng20153d,
	title={3D deep learning for efficient and robust landmark
		detection in volumetric data},
	author={Zheng, Yefeng and Liu, David and Georgescu, Bogdan and
		Nguyen, Hien and Comaniciu, Dorin},
	booktitle={International Conference on Medical Image Computing and
		Computer-Assisted Intervention},
	pages={565--572},
	year={2015},
	organization={Springer},
	notes="https://link.springer.com/chapter/10.1007/978-3-319-24553-9_69"
}

@Article{zhong2018deep,
	title={A deep learning approach for fetal QRS complex detection},
	author={Zhong, Wei and Liao, Lijuan and Guo, Xuemei and Wang,
		Guoli},
	journal={Physiological measurement},
	volume={39},
	number={4},
	pages={045004},
	year={2018},
	publisher={IOP Publishing},
	notes="https://ncbi.nlm.nih.gov/pubmed/29485406"
}

@Article{zhou2017improving,
	title={Improving dense conditional random field for retinal
		vessel segmentation by discriminative feature learning and
			thin-vessel enhancement},
	author={Zhou, Lei and Yu, Qi and Xu, Xun and Gu, Yun and Yang,
		Jie},
	journal={Computer methods and programs in biomedicine},
	volume={148},
	pages={13--25},
	year={2017},
	publisher={Elsevier},
	notes="https://www.ncbi.nlm.nih.gov/pubmed/28774435"
}

@Article{zhuang2016multi,
	title={Multi-scale patch and multi-modality atlases for whole
		heart segmentation of MRI},
	author={Zhuang, Xiahai and Shen, Juan},
	journal={Medical image analysis},
	volume={31},
	pages={77--87},
	year={2016},
	publisher={Elsevier},
	notes="https://www.ncbi.nlm.nih.gov/pubmed/26999615",
	url="http://www.sdspeople.fudan.edu.cn/zhuangxiahai/0/mmwhs/"
}

@InProceedings{zotti2017gridnet,
	title={GridNet with automatic shape prior registration for
		automatic MRI cardiac segmentation},
	author={Zotti, Cl{\'e}ment and Luo, Zhiming and Humbert, Olivier
		and Lalande, Alain and Jodoin, Pierre-Marc},
	booktitle={International Workshop on Statistical Atlases and
		Computational Models of the Heart},
	pages={73--81},
	year={2017},
	organization={Springer},
	notes="https://arxiv.org/pdf/1705.08943"
}

@InProceedings{zreik2016automatic,
	title={Automatic segmentation of the left ventricle in cardiac CT
		angiography using convolutional neural networks},
	author={Zreik, Majd and Leiner, Tim and de Vos, Bob D and van
		Hamersvelt, Robbert W and Viergever, Max A and I{\v{s}}gum,
		Ivana},
	booktitle={Biomedical Imaging (ISBI), 2016 IEEE 13th International
		Symposium on},
	pages={40--43},
	year={2016},
	organization={IEEE}
}

@Article{zreik2018deep,
	title={Deep learning analysis of the myocardium in coronary CT
		angiography for identification of patients with
			functionally significant coronary artery stenosis},
	author={Zreik, Majd and Lessmann, Nikolas and van Hamersvelt,
		Robbert W and Wolterink, Jelmer M and Voskuil, Michiel and
			Viergever, Max A and Leiner, Tim and I{\v{s}}gum, Ivana},
	journal={Medical image analysis},
	volume={44},
	pages={72--85},
	year={2018},
	publisher={Elsevier},
	notes="https://www.ncbi.nlm.nih.gov/pubmed/29197253"
}

@InProceedings{zubair2016automated,
	title={An automated ECG beat classification system using
		convolutional neural networks},
	author={Zubair, Muhammad and Kim, Jinsul and Yoon, Changwoo},
	booktitle={IT Convergence and Security (ICITCS), 2016 6th
		International Conference on},
	pages={1--5},
	year={2016},
	organization={IEEE},
	notes="https://ieeexplore.ieee.org/document/7740310/"
}

@article{odstrcilik2013retinal,
	title={Retinal vessel segmentation by improved matched filtering: evaluation on a new high-resolution fundus image database},
	author={Odstrcilik, Jan and Kolar, Radim and Budai, Attila and Hornegger, Joachim and Jan, Jiri and Gazarek, Jiri and Kubena, Tomas and Cernosek, Pavel and Svoboda, Ondrej and Angelopoulou, Elli},
	journal={IET Image Processing},
	volume={7},
	number={4},
	pages={373--383},
	year={2013},
	publisher={IET},
	notes="https://ieeexplore.ieee.org/document/6563188/",
	url="https://www5.cs.fau.de/research/data/fundus-images/"
}

@article{moody1983new,
	title={A new method for detecting atrial fibrillation using RR intervals},
	author={Moody, George},
	journal={Computers in Cardiology},
	pages={227--230},
	year={1983},
	url="https://physionet.org/physiobank/database/afdb/"
}

@article{baim1986survival,
	title={Survival of patients with severe congestive heart failure treated with oral milrinone},
	author={Baim, Donald S and Colucci, Wilson S and Monrad, E Scott and Smith, Harton S and Wright, Richard F and Lanoue, Alyce and Gauthier, Diane F and Ransil, Bernard J and Grossman, William and Braunwald, Eugene},
	journal={Journal of the American College of Cardiology},
	volume={7},
	number={3},
	pages={661--670},
	year={1986},
	publisher={Journal of the American College of Cardiology},
	notes="https://www.ncbi.nlm.nih.gov/pubmed/3950244",
	url="https://www.physionet.org/physiobank/database/chfdb/"
}

@article{petrutiu2007abrupt,
	title={Abrupt changes in fibrillatory wave characteristics at the termination of paroxysmal atrial fibrillation in humans},
	author={Petrutiu, Simona and Sahakian, Alan V and Swiryn, Steven},
	journal={Europace},
	volume={9},
	number={7},
	pages={466--470},
	year={2007},
	publisher={Oxford University Press},
	url="https://physionet.org/pn3/ltafdb/"
}

@article{goldsmith1992comparison,
	title={Comparison of 24-hour parasympathetic activity in endurance-trained and untrained young men},
	author={Goldsmith, Rochelle L and Bigger, J Thomas and Steinman, Richard C and Fleiss, Joseph L},
	journal={Journal of the American College of Cardiology},
	volume={20},
	number={3},
	pages={552--558},
	year={1992},
	publisher={Journal of the American College of Cardiology},
	url="https://www.physionet.org/physiobank/database/nsr2db/"
}

@inproceedings{greenwald1990improved,
	title={Improved detection and classification of arrhythmias in noise-corrupted electrocardiograms using contextual information},
	author={Greenwald, Scott David and Patil, Ramesh S and Mark, Roger G},
	booktitle={Computers in Cardiology 1990, Proceedings.},
	pages={461--464},
	year={1990},
	organization={IEEE},
	url="https://physionet.org/physiobank/database/svdb/"
}

@article{hoover2000locating,
	title={Locating blood vessels in retinal images by piecewise threshold probing of a matched filter response},
	author={Hoover, AD and Kouznetsova, Valentina and Goldbaum, Michael},
	journal={IEEE Transactions on Medical imaging},
	volume={19},
	number={3},
	pages={203--210},
	year={2000},
	publisher={IEEE},
	url="http://cecas.clemson.edu/~ahoover/stare/"
}

@article{graham2015kaggle,
	title={Kaggle diabetic retinopathy detection competition report},
	author={Graham, Ben},
	journal={University of Warwick},
	year={2015},
	url="https://www.kaggle.com/c/diabetic-retinopathy-detection"
}

@article{tobon2015benchmark,
	title={Benchmark for algorithms segmenting the left atrium from 3D CT and MRI datasets},
	author={Tobon-Gomez, Catalina and Geers, Arjan J and Peters, Jochen and Weese, J{\"u}rgen and Pinto, Karen and Karim, Rashed and Ammar, Mohammed and Daoudi, Abdelaziz and Margeta, Jan and Sandoval, Zulma and others},
	journal={IEEE transactions on medical imaging},
	volume={34},
	number={7},
	pages={1460--1473},
	year={2015},
	publisher={IEEE},
	url="http://www.cardiacatlas.org/challenges/left-atrium-segmentation-challenge/"
}

@inproceedings{sabour2017dynamic,
	title={Dynamic routing between capsules},
	author={Sabour, Sara and Frosst, Nicholas and Hinton, Geoffrey E},
	booktitle={Advances in Neural Information Processing Systems},
	pages={3856--3866},
	year={2017},
	notes="https://arxiv.org/abs/1710.09829"
}

@conference {asman2013miccai,
	title={Miccai 2013 segmentation algorithms, theory and applications (SATA) challenge results summary},
	booktitle={MICCAI Challenge Workshop on Segmentation: Algorithms, Theory and Applications (SATA)},
	year={2013},
	author={Asman, Andrew and Alireza Akhondi-Asl and Wang, Hongzhi and Tustison, Nicholas and Avants, Brian and Warfield, Simon K and Landman, Bennett}
}

@article{wilkins2017european,
	title={European cardiovascular disease statistics 2017},
	author={Wilkins, Elizabeth and Wilson, L and Wickramasinghe, Kremlin and Bhatnagar, Prachi and Leal, Jose and Luengo-Fernandez, Ramon and Burns, R and Rayner, Mike and Townsend, Nick},
	year={2017},
	publisher={European Heart Network}
}

@article{decenciere2013teleophta,
	title={TeleOphta: Machine learning and image processing methods for teleophthalmology},
	author={Decenci{\`e}re, Etienne and Cazuguel, Guy and Zhang, Xiwei and Thibault, Guillaume and Klein, J-C and Meyer, Fernand and Marcotegui, Beatriz and Quellec, Gw{\'e}nol{\'e} and Lamard, Mathieu and Danno, Ronan and others},
	journal={Irbm},
	volume={34},
	number={2},
	pages={196--203},
	year={2013},
	publisher={Elsevier}
}

@article{niemeijer2010retinopathy,
	title={Retinopathy online challenge: automatic detection of microaneurysms in digital color fundus photographs},
	author={Niemeijer, Meindert and Van Ginneken, Bram and Cree, Michael J and Mizutani, Atsushi and Quellec, Gw{\'e}nol{\'e} and S{\'a}nchez, Clara I and Zhang, Bob and Hornero, Roberto and Lamard, Mathieu and Muramatsu, Chisako and others},
	journal={IEEE transactions on medical imaging},
	volume={29},
	number={1},
	pages={185--195},
	year={2010},
	publisher={Institute of Electrical and Electronics Engineers, Inc., 345 E. 47 th St. NY NY 10017-2394 USA},
	notes="https://ieeexplore.ieee.org/document/5282586/",
	url="http://roc.healthcare.uiowa.edu/"
}

@article{zhang2016robust,
	title={Robust retinal vessel segmentation via locally adaptive derivative frames in orientation scores},
	author={Zhang, Jiong and Dashtbozorg, Behdad and Bekkers, Erik and Pluim, Josien PW and Duits, Remco and ter Haar Romeny, Bart M},
	journal={IEEE transactions on medical imaging},
	volume={35},
	number={12},
	pages={2631--2644},
	year={2016},
	publisher={IEEE},
	notes="https://ieeexplore.ieee.org/document/7530915/"
}

@article{kweon2014data,
	title={Data resource profile: the Korea national health and nutrition examination survey (KNHANES)},
	author={Kweon, Sanghui and Kim, Yuna and Jang, Myoung-jin and Kim, Yoonjung and Kim, Kirang and Choi, Sunhye and Chun, Chaemin and Khang, Young-Ho and Oh, Kyungwon},
	journal={International journal of epidemiology},
	volume={43},
	number={1},
	pages={69--77},
	year={2014},
	publisher={Oxford University Press},
	url="http://knhanes.cdc.go.kr"
}

@article{hanley1982meaning,
	title={The meaning and use of the area under a receiver operating characteristic (ROC) curve.},
	author={Hanley, James A and McNeil, Barbara J},
	journal={Radiology},
	volume={143},
	number={1},
	pages={29--36},
	year={1982}
}

@article{nolle1986crei,
	title={CREI-GARD, a new concept in computerized arrhythmia monitoring systems},
	author={Nolle, FM and Badura, FK and Catlett, JM and Bowser, RW and Sketch, MH},
	journal={Computers in Cardiology},
	volume={13},
	pages={515--518},
	year={1986},
	url="https://physionet.org/physiobank/database/cudb/"
}

@article{balocco2014standardized,
	title={Standardized evaluation methodology and reference database for evaluating IVUS image segmentation},
	author={Balocco, Simone and Gatta, Carlo and Ciompi, Francesco and Wahle, Andreas and Radeva, Petia and Carlier, Stephane and Unal, Gozde and Sanidas, Elias and Mauri, Josepa and Carillo, Xavier and others},
	journal={Computerized medical imaging and graphics},
	volume={38},
	number={2},
	pages={70--90},
	year={2014},
	publisher={Elsevier},
	url="http://www.cvc.uab.es/IVUSchallenge2011/"
}

@inproceedings{collobert2008unified,
	title={A unified architecture for natural language processing: Deep neural networks with multitask learning},
	author={Collobert, Ronan and Weston, Jason},
	booktitle={Proceedings of the 25th international conference on Machine learning},
	pages={160--167},
	year={2008},
	organization={ACM}
}

@article{bengio2007scaling,
	title={Scaling learning algorithms towards AI},
	author={Bengio, Yoshua and LeCun, Yann and others},
	journal={Large-scale kernel machines},
	volume={34},
	number={5},
	pages={1--41},
	year={2007}
}

@article{rumelhart1986learning,
	title={Learning representations by back-propagating errors},
	author={Rumelhart, David E and Hinton, Geoffrey E and Williams, Ronald J},
	journal={nature},
	volume={323},
	number={6088},
	pages={533},
	year={1986},
	publisher={Nature Publishing Group}
}

@inproceedings{he2016deep,
	title={Deep residual learning for image recognition},
	author={He, Kaiming and Zhang, Xiangyu and Ren, Shaoqing and Sun, Jian},
	booktitle={Proceedings of the IEEE conference on computer vision and pattern recognition},
	pages={770--778},
	year={2016},
	notes="https://arxiv.org/pdf/1512.03385"
}

@inproceedings{szegedy2015going,
	title={Going deeper with convolutions},
	author={Szegedy, Christian and Liu, Wei and Jia, Yangqing and Sermanet, Pierre and Reed, Scott and Anguelov, Dragomir and Erhan, Dumitru and Vanhoucke, Vincent and Rabinovich, Andrew},
	booktitle={Proceedings of the IEEE conference on computer vision and pattern recognition},
	pages={1--9},
	year={2015},
	notes="https://arxiv.org/pdf/1409.4842"
}

@article{simonyan2014very,
	title={Very deep convolutional networks for large-scale image recognition},
	author={Simonyan, Karen and Zisserman, Andrew},
	journal={arXiv preprint arXiv:1409.1556},
	year={2014},
	notes="https://arxiv.org/pdf/1409.1556"
}

@article{hinton2006fast,
	title={A fast learning algorithm for deep belief nets},
	author={Hinton, Geoffrey E and Osindero, Simon and Teh, Yee-Whye},
	journal={Neural computation},
	volume={18},
	number={7},
	pages={1527--1554},
	year={2006},
	publisher={MIT Press}
}

@article{cho2014properties,
	title={On the properties of neural machine translation: Encoder-decoder approaches},
	author={Cho, Kyunghyun and Van Merri{\"e}nboer, Bart and Bahdanau, Dzmitry and Bengio, Yoshua},
	journal={arXiv preprint arXiv:1409.1259},
	year={2014},
	notes="https://arxiv.org/abs/1409.1259"
}

@article{kiricsli2013standardized,
	title={Standardized evaluation framework for evaluating coronary artery stenosis detection, stenosis quantification and lumen segmentation algorithms in computed tomography angiography},
	author={Kiri{\c{s}}li, HA and Schaap, Michiel and Metz, CT and Dharampal, AS and Meijboom, Willem Bob and Papadopoulou, Stella-Lida and Dedic, Admir and Nieman, Koen and De Graaf, MA and Meijs, MFL and others},
	journal={Medical image analysis},
	volume={17},
	number={8},
	pages={859--876},
	year={2013},
	publisher={Elsevier},
	notes="https://www.ncbi.nlm.nih.gov/pubmed/23837963",
	url="http://www.coronary.bigr.nl/stensoses/"
}

@inproceedings{christ2016automatic,
	title={Automatic liver and lesion segmentation in CT using cascaded fully convolutional neural networks and 3D conditional random fields},
	author={Christ, Patrick Ferdinand and Elshaer, Mohamed Ezzeldin A and Ettlinger, Florian and Tatavarty, Sunil and Bickel, Marc and Bilic, Patrick and Rempfler, Markus and Armbruster, Marco and Hofmann, Felix and Dâ€™Anastasi, Melvin and others},
	booktitle={International Conference on Medical Image Computing and Computer-Assisted Intervention},
	pages={415--423},
	year={2016},
	organization={Springer}
}

@article{afshar2018brain,
	title={Brain tumor type classification via capsule networks},
	author={Afshar, Parnian and Mohammadi, Arash and Plataniotis, Konstantinos N},
	journal={arXiv preprint arXiv:1802.10200},
	year={2018}
}

@inproceedings{iesmantas2018convolutional,
	title={Convolutional capsule network for classification of breast cancer histology images},
	author={Iesmantas, Tomas and Alzbutas, Robertas},
	booktitle={International Conference Image Analysis and Recognition},
	pages={853--860},
	year={2018},
	organization={Springer}
}

@article{bahdanau2014neural,
	title={Neural machine translation by jointly learning to align and translate},
	author={Bahdanau, Dzmitry and Cho, Kyunghyun and Bengio, Yoshua},
	journal={arXiv preprint arXiv:1409.0473},
	year={2014}
}

@article{simonyan2013deep,
	title={Deep inside convolutional networks: Visualising image classification models and saliency maps},
	author={Simonyan, Karen and Vedaldi, Andrea and Zisserman, Andrew},
	journal={arXiv preprint arXiv:1312.6034},
	year={2013}
}

@Article{qayyum2017medical,
	title={Medical Image Analysis using Convolutional Neural
		Networks: A Review},
	author={Qayyum, Adnan and Anwar, Syed Muhammad and Majid, Muhammad
		and Awais, Muhammad and Alnowami, Majdi},
	journal={arXiv preprint arXiv:1709.02250},
	year={2017},
	notes="https://arxiv.org/pdf/1709.02250"
}
